2525 3934
385 423 635 506 Zraau
689 419 788 504 III.
882 447 956 525 2¹3

213 587 418 660 Texrilibusque
429 605 523 644 onerat
534 591 631 656 donis,
648 608 678 643 ac
687 589 749 642 talia
762 590 849 643 satur:
966 588 1017 650 435

220 685 322 754 Accipe
329 687 430 754 unae,
442 704 569 742 manuum
575 687 625 740 tibi
631 703 690 757 quae
697 699 870 739 monumenta
876 698 994 736 mearum

220 782 508 856 Sint‚puer‚&longum
513 785 711 838 Andromaches
716 783 842 837 testentur
847 799 966 835 amorem

222 878 352 950 Coniugis
363 881 511 934 Hedioreae.
520 883 592 949 Cape
601 882 670 934 dona
680 895 799 934 extrema
807 895 930 945 tuorum,

223 974 253 1028 0
265 977 332 1029 mihi
341 978 396 1029 sola
406 977 461 1030 mei
472 976 548 1046 super
558 976 721 1047 Astyanaffis
730 978 819 1048 imago
830 983 837 1032 !

222 1069 268 1124 Sic
279 1076 374 1124 oculos
388 1112 395 1135 ‚
411 1072 445 1125 fic
456 1073 502 1125 ille
517 1091 628 1138 manus,
641 1075 676 1126 fic
691 1091 738 1127 ora
748 1075 860 1128 serebat:
971 1083 1025 1134 490

225 1169 260 1218 Et
272 1184 343 1218 nunc
355 1170 448 1237 aequali
463 1184 550 1223 tecum
562 1171 714 1240 pubesceret
726 1188 796 1225 aevo.

227 1266 287 1316 Hos
297 1281 348 1335 ego
357 1256 502 1336 digrediens
508 1269 633 1338 lacrymis
645 1267 742 1322 affabar
754 1265 868 1322 obortis:

225 1360 324 1413 Viuite
338 1361 446 1426 felices,
459 1363 553 1432 quibus
565 1364 602 1417 est
613 1366 719 1418 fortuna
729 1363 833 1432 peralba

226 1459 286 1513 Jam
296 1459 340 1512 sua
350 1479 357 1513 :
368 1477 419 1513 nos
430 1460 481 1513 alia
490 1476 526 1513 ex
535 1459 593 1513 aliis
604 1460 633 1512 in
642 1461 694 1513 fata
704 1475 844 1512 vocamur.

226 1555 315 1608 Vobis
327 1571 401 1624 parta
413 1557 488 1626 quies
503 1596 510 1620 ‚
523 1559 625 1610 nullum
636 1558 716 1610 maris
729 1573 821 1625 aequor
830 1555 962 1619 arandum,
973 1572 1023 1624 495

228 1652 301 1701 Arva
313 1667 398 1719 neque
410 1651 534 1705 Ausonia
546 1652 648 1720 seniper
659 1653 778 1705 cedentia
787 1667 858 1706 retro

230 1749 378 1814 Querenda
388 1767 395 1800 ε
406 1748 520 1819 effigiem
528 1748 629 1802 Xanthi
641 1789 649 1814 ,
659 1748 819 1821 Troiamque
828 1749 943 1814 videtis,

230 1845 319 1910 Quam
329 1844 421 1898 vestre
431 1847 515 1900 secere
524 1864 616 1901 manus
627 1867 634 1902 :
646 1848 819 1913 melioribus,
831 1861 898 1915 opto
910 1885 918 1909 ,

229 1942 360 2012 Auspiciis
371 1983 379 2008 ‚
393 1945 419 1996 δι
430 1961 488 2014 quae
499 1945 578 1999 suerit
588 1944 676 1996 mimis
688 1944 769 1997 obvia
781 1930 881 1996 Graiis.

231 2039 259 2090 Si
272 2042 376 2106 quando
385 2042 498 2111 Tybrim
507 2042 651 2108 vicinaque
661 2039 787 2108 Tybridis
799 2054 862 2090 arva
979 2041 1029 2109 roo

232 2133 335 2187 Intriro
347 2175 354 2199 ‚
369 2137 495 2205 gentique
505 2153 570 2188 meae
580 2136 639 2187 data
648 2133 749 2187 moenia
759 2150 878 2195 cernama

235 2235 368 2301 Cognatas
378 2233 456 2283 urbes
466 2230 532 2282 olim
543 2270 550 2294 ‚
562 2231 731 2300 populosque
738 2231 919 2302 propinquos,

233 2329 334 2396 Epiro,
348 2325 491 2395 Hesperii,
504 2327 597 2397 quibus
609 2328 679 2381 idem
691 2330 828 2382 Dardanus
841 2330 947 2395 audior,

231 2428 321 2496 Atque
330 2425 401 2478 idem
411 2424 502 2489 casus,
517 2441 597 2477 unam
605 2425 731 2479 faciemus
741 2441 878 2496 utramque

231 2523 342 2590 Troiam
352 2522 447 2576 animis
458 2543 465 2577 :
477 2536 582 2576 maneat
591 2521 694 2576 nostros
704 2539 735 2575 ea
744 2539 805 2576 cura
815 2538 937 2593 nepotes.
979 2545 1027 2597 505

270 2620 446 2673 Provehimur
456 2624 551 2691 pelago
560 2620 651 2674 vicina
663 2619 792 2674 Ceraunia
801 2619 891 2688 juxta,

232 2717 314 2770 Unde
324 2716 374 2767 iter
381 2717 501 2782 ltaliam,
516 2718 655 2788 cursusque
666 2716 831 2771 breviffimus
840 2715 929 2772 undis.

233 2817 283 2869 Sol
293 2814 345 2867 ruit
355 2813 456 2868 interea
466 2855 472 2875 ‚
484 2814 511 2867 δι
520 2831 625 2867 montes
635 2816 789 2868 umbrantur
798 2812 886 2885 opaci.

234 2912 384 2966 sternimur
392 2924 489 2979 optatae
500 2911 601 2980 gremio
612 2910 715 2964 telluris
727 2912 759 2964 ad
769 2912 884 2976 undam,

219 3032 222 3038 ·
236 3010 330 3064 Sortiti
340 3026 446 3073 remos,
459 3007 602 3079 passimque
613 3008 643 3062 in
652 3008 744 3062 littore
755 3009 824 3061 sicco
981 3032 1033 3083 51⁰

239 3109 359 3176 Corpora
367 3122 504 3164 commus:
517 3088 596 3163 sessos
605 3104 688 3177 sopor
698 3104 789 3178 irrigat
798 3117 880 3159 arms.
