2525 3934
314 389 368 496 98
472 383 890 471 Gronorcou

312 547 374 601 Illas
386 548 458 602 ducit
466 566 543 604 amor
551 567 623 606 trans
636 551 767 623 Gargara,
785 553 910 622 transque
921 552 1056 606 sonantem

257 644 453 699 270Ascaniutn
465 666 472 700 :
485 648 608 718 superant
619 667 726 705 montes
738 691 747 716 ‚
759 653 787 705 δι
799 650 911 704 flumina
923 664 1041 703 tranant:

314 743 506 814 Continuoque
515 749 601 802 avidis
613 751 659 803 ubi
670 750 771 805 subdita
781 750 890 802 flamma
901 748 1026 801 medullis

298 820 406 906 (Vere
418 844 502 913 magis
514 883 522 908 ‚
541 847 603 914 quia
613 865 679 901 vere
690 851 762 901 calor
773 847 841 899 redit
850 845 968 916 ollibus)
982 847 1033 898 illae

312 935 370 989 Ore
380 954 475 992 omnes
484 943 567 995 versae
579 945 608 995 in
620 946 783 1014 zephyrum,
793 942 860 995 stant
869 943 982 1011 rupibus
993 941 1056 1000 altio

311 1033 512 1105 Exceptantque
524 1041 599 1092 leves
611 1057 686 1101 auras
698 1042 710 1100 ξ
724 1041 752 1093 dr
761 1040 832 1108 sape
841 1039 897 1093 fine
908 1038 974 1094 ullis

256 1137 307 1190 275
318 1131 459 1205 Coniugiis
469 1150 554 1189 vento
570 1137 686 1206 gravidae
698 1137 711 1205 (
722 1137 842 1189 mirabile
852 1136 956 1209 distu.)

312 1231 382 1284 Saxa
392 1234 476 1300 per&
487 1235 611 1303 scopulos
622 1235 649 1286 ἃ
658 1233 787 1303 depreffas
797 1236 938 1287 convalles

311 1327 483 1401 Diffugiunn¹
492 1347 564 1396 non,
576 1333 658 1397 Eure,
668 1332 1056 1400 ruos,'nequeSolisadornrs·‚

311 1427 345 1479 In
354 1428 467 1484 Boroenr
478 1432 665 1498 crurumque,
676 1443 721 1481 aut
727 1429 796 1481 unde
802 1427 967 1498 nigerrimus
972 1428 1057 1481 Auster

312 1525 452 1590 Nascitur,
465 1527 492 1578 δι
504 1502 600 1595 pluvio
612 1525 747 1578 contristat
758 1525 859 1595 frigore
870 1530 980 1580 coelum.

258 1613 311 1666 230
318 1622 388 1676 Hinc
395 1625 501 1677 demum
508 1663 516 1687 ‚
524 1625 709 1693 Hippomanes
714 1641 782 1677 vero
789 1626 861 1692 quod
866 1625 979 1693 nornine
985 1623 1067 1677 dicunt

314 1692 452 1785 Pastores'‚
464 1724 567 1774 lentum
578 1721 685 1775 distillat
695 1724 726 1774 ab
739 1722 848 1792 inguine
859 1722 953 1774 virus:

314 1819 500 1888 Hippomanes
510 1819 584 1886 quod
594 1819 663 1887 saepe
673 1821 748 1871 malae
757 1817 846 1888 legere
855 1835 981 1872 novercae
991 1858 1000 1883 ‚

297 1894 299 1898 ι
315 1917 532 1985 Miscueruntque
541 1916 652 1980 herhas,
666 1917 759 1977 &non
769 1916 883 1967 innoxia
893 1894 986 1971 verba.

316 2016 367 2068 Sed
377 2014 445 2084 fugit
454 2013 572 2076 interea,
584 2013 653 2082 fugit
664 2012 832 2080 irreparabile
843 2027 965 2082 ternpus,

262 2105 311 2170 285
321 2110 430 2180 Singula
439 2113 502 2162 dum
513 2109 583 2178 capti
592 2109 830 2174 circumvedlamur
839 2127 941 2165 amore.

354 2207 415 2258 Hoc
424 2206 485 2258 seris
494 2207 621 2260 armentis
631 2226 638 2259 :
649 2207 752 2275 superat
764 2223 824 2274 pars
833 2209 916 2260 altera
927 2225 994 2262 curae
1006 2247 1015 2272 ‚

316 2301 461 2371 Lanigeros
471 2303 570 2373 agitare
580 2321 672 2374 greges
682 2343 690 2368 ,
702 2304 834 2372 hirtasque
847 2308 970 2372 capellas.

316 2400 369 2453 Hic
378 2402 453 2454 labor
462 2421 469 2454 :
479 2402 541 2454 hinc
552 2403 657 2454 laudem
668 2402 751 2454 forres
765 2402 867 2469 sperare
877 2402 981 2457 coloni.

317 2498 374 2550 Nec
383 2497 440 2551 sum
449 2497 532 2551 animi
543 2498 636 2551 dubius
645 2499 734 2553 verbis
744 2516 775 2557 ea
783 2499 891 2563 vincere
901 2517 1027 2569 magnum

264 2608 317 2662 290
324 2592 411 2661 Qulm
422 2596 470 2660 fit,
481 2597 508 2648 δι
517 2594 629 2665 angustis
638 2597 709 2649 hunc
720 2598 813 2648 addere
823 2597 899 2661 rebus
909 2597 1048 2649 honorem.

318 2694 370 2745 Sed
381 2709 424 2746 me
433 2691 545 2745 Pamrffi
558 2693 659 2745 deserta
667 2673 715 2761 per
726 2694 805 2744 ardua
815 2692 899 2745 duleis

317 2790 414 2857 Raptat
425 2804 500 2840 amor
511 2807 518 2842 ι
528 2788 603 2855 juvat
612 2788 651 2841 ire
661 2787 731 2858 jugis
742 2827 750 2852 ‚
763 2787 814 2856 quai
825 2791 897 2840 nulla
905 2789 1026 2857 priorum

308 2885 456 2940 ·Castaliam
465 2885 542 2939 molli
553 2886 695 2938 divertitur
703 2884 789 2937 orbita
798 2885 881 2938 clivo.

246 2986 248 2990 ⁴
317 2983 1056 3052 Nunc‚venerandaPales,magnonuncoresonandum.

265 3101 314 3155 295
354 3082 506 3166 lutipienr.
521 3060 1006 3146 uiuscuonnouunnobam
