2525 3934
358 408 437 482 ¹44
550 376 890 465 AEurroof'r

350 546 401 599 His
411 564 462 617 ego
472 534 520 600 nec
531 565 614 603 metat
622 566 711 603 renim
724 589 732 614 ,
750 567 799 603 nec
809 564 934 617 tempora
942 561 1033 619 ponor
1071 525 1075 531 Ι

349 642 494 710 Imperium
505 644 559 696 sine
570 645 701 709 fine'dedi.
713 645 787 712 Quin
797 647 889 714 aspera
898 646 987 711 Juno,

286 733 349 784 280
356 738 424 804 Quae
430 756 577 794 marenunc
584 781 592 805 ‚
599 742 731 810 terrasque
738 755 811 793 metu
818 781 826 805 ,
834 741 1081 813 coeltunquesatigat,

248 839 250 842 '
351 835 467 887 consilia
476 831 505 888 in
514 837 609 890 melius
618 837 713 891 reseret
725 852 733 896 3
745 850 905 909 meumque
915 839 1019 892 fovebit
1069 858 1072 862 ·

349 930 487 984 Romanos
498 949 587 984 rerum
598 932 741 994 dominor,
757 948 918 1003 gentemque
929 948 1050 1005 togatam.

282 1043 284 1047 ·
350 1028 393 1080 Sic
403 1029 537 1097 placitum.
548 1029 648 1081 Veniet
659 1027 745 1086 lustris
756 1029 904 1082 labentibus
916 1045 995 1094 aetas,

352 1125 420 1177 Citm
431 1128 525 1178 domus
536 1125 649 1177 Assaraci
657 1125 778 1177 Phthiam
787 1126 921 1194 clarasque
930 1127 1050 1196 Mycenas

287 1219 345 1288 ,2¹85
356 1221 472 1273 Servitio
485 1235 605 1289 premet,
622 1237 651 1273 ac
664 1219 742 1272 vistis
754 1221 938 1274 dominabitur
945 1222 1029 1292 Argis.

350 1320 476 1372 Nascetur
484 1316 592 1386 pulchri
603 1315 735 1382 Troianus
746 1316 851 1384 origine
865 1319 967 1381 Caesar,

266 1429 268 1433 ·
349 1415 494 1483 Imperium
505 1414 629 1476 Oceano,
641 1414 738 1465 samum
747 1411 793 1480 qui
804 1412 933 1466 terminet
941 1412 1027 1476 astris,

347 1511 451 1573 Julius,
463 1529 478 1564 a
489 1526 585 1581 magno
597 1508 734 1562 demissum
746 1516 847 1562 nomen
859 1511 930 1564 liiio.

350 1606 429 1658 Hunc
437 1623 467 1659 tu
476 1608 544 1660 oiim
552 1609 624 1660 coelo
630 1605 745 1675 „spoliis
757 1605 880 1660 Orientis
890 1607 1027 1672 onustum,

293 1703 474 1771 n9oAccipies
483 1703 588 1764 secura3
599 1703 738 1757 vocabitur
746 1702 790 1756 hic
799 1720 908 1773 quoque
916 1705 1002 1758 votis.

349 1800 447 1870 Aspera
456 1814 513 1852 nun
524 1801 617 1868 positis
628 1800 767 1854 mitescent
778 1802 863 1853 secula
873 1801 960 1855 bellis.

351 1901 423 1971 Cana
431 1898 526 1962 Fides,
541 1899 568 1950 ἃ
576 1897 658 1951 Vesta
667 1937 675 1962 ,
684 1900 771 1952 Remo
780 1914 840 1950 cum
849 1899 931 1950 statne
943 1897 1081 1964 Quirinus,

237 2043 248 2062 ,
348 1997 411 2051 Juta
423 1997 536 2048 dabunt:
550 1994 612 2047 dira
621 1994 692 2047 serto
705 1994 731 2046 ὅ(
746 1993 917 2062 compagibus
929 1993 1008 2065 arciis

338 2149 345 2157 ¹,
352 2095 510 2145 claudentur
520 2092 583 2145 belli
591 2105 693 2160 portaer
704 2093 786 2143 Furor
796 2089 895 2157 impius
904 2089 978 2142 intus

290 2200 343 2255 1295
353 2189 429 2240 Saeva
438 2189 529 2241 sedens
536 2190 617 2257 'supet
626 2204 696 2240 arma
709 2227 716 2252 ‚
729 2188 756 2239 δι
764 2200 871 2239 centum
879 2186 990 2239 vinsius
1003 2179 1091 2240 ahenit'

348 2285 409 2338 Post
420 2301 522 2354 tergum
532 2284 608 2336 nodis
619 2325 626 2348 ,
645 2285 739 2337 fremet
748 2283 871 2335 horridus
883 2300 931 2336 ore
941 2300 1059 2337 cruento.

385 2382 449 2435 Haec
458 2383 512 2447 ait,
526 2384 551 2435 &
563 2381 637 2433 Maii
646 2382 764 2451 genitum
776 2380 892 2433 demittit
901 2382 932 2432 ab
943 2384 1019 2445 aito,

347 2481 386 2532 Ut
395 2494 484 2542 terrae,
494 2493 576 2548 utque
585 2495 665 2531 novae
674 2490 780 2546 pateant
790 2476 956 2545 Carthaginis
966 2493 1038 2530 arces

348 2577 473 2645 Hospitio
483 2574 612 2635 Teucris3
627 2591 662 2627 ne
671 2574 719 2627 sati
730 2573 816 2641 nescia
824 2572 898 2624 Dido

292 2690 344 2743 300
351 2673 458 2726 Finibus
468 2682 575 2723 arceret.
583 2671 667 2722 Volat
676 2670 722 2722 ilie
731 2687 778 2738 per
786 2669 846 2722 aira
854 2684 984 2739 magnum

346 2769 470 2838 Remigio
481 2770 597 2830 alarum,
610 2782 641 2818 ac
652 2766 744 2835 Libyae
753 2765 820 2818 citus
833 2763 931 2817 adstitit
941 2744 1009 2822 oris,

344 2864 438 2927 Etiam
449 2863 512 2928 jussa
523 2863 586 2917 facit
596 2903 603 2926 ,
615 2850 772 2931 ponuntque
784 2861 882 2914 ferocia
894 2861 975 2933 Poeni

346 2965 450 3024 Corda,
462 2964 573 3013 volente
584 2961 646 3011 Deo
661 2979 667 3010 :
679 2957 809 3026 inprimis
820 2959 923 3026 Regina
933 2959 1052 3028 quietum

344 3059 448 3130 Accipit
460 3059 489 3112 in
500 3059 617 3135 Teucros
627 3055 746 3110 animum
756 3069 926 3134 mentemque
937 3057 1078 3130 benignam.

1045 3153 1075 3205 At
