2525 3934
258 419 284 517 ij
481 425 763 493 V1ncrzrt

257 566 336 626 aueo
349 564 503 627 mtuvuuu
519 565 598 628 turne
612 613 621 638 ,
637 544 765 627 ut'naud
785 567 903 627 dubiam

257 669 446 753 prosperioris
459 668 663 753 genituraejam
672 690 733 731 tum
745 671 917 771 indicarem}

255 775 337 838 cellit
343 776 419 836 aliud
430 775 605 859 praesagium.
614 777 763 858 Siquidem
770 780 917 860 virgapop'

256 901 341 942 more
355 883 480 962 regionis
496 884 525 940 in
539 885 698 962 puerperiis
709 881 816 943 eodem
828 880 917 942 statim

255 984 377 1065 depacia
388 1030 399 1060 ,
412 987 452 1045 ita
464 986 548 1045 brevi
562 987 668 1046 coaluit
681 1031 690 1060 ‚
705 966 837 1046 ut'multb
850 985 917 1045 autb

253 1090 383 1171 populos
403 1087 568 1170 adaequirit.
583 1088 661 1168 Quae
678 1089 765 1149 arbor
781 1089 896 1172 Virgilii
910 1112 917 1151 t

254 1192 329 1256 dicta
343 1211 429 1275 atque
442 1191 607 1253 consecrata
617 1191 677 1268 est,
691 1193 801 1253 summi
814 1195 915 1277 gravid

255 1296 289 1360 &
302 1298 435 1359 foetarum
448 1299 608 1379 religione,
621 1295 879 1377 suscipientiumibi
892 1300 917 1359 dt

253 1404 386 1463 ventium
403 1420 484 1464 vota.
500 1400 584 1462 Initia
595 1404 711 1474 matis,
732 1401 762 1460 id
782 1400 844 1475 est,
859 1402 917 1485 usqi

249 1507 404 1588 septimum
422 1528 548 1581 annum,
563 1505 720 1568 Cremonae
731 1509 790 1588 egit
805 1528 815 1580 ;
832 1508 863 1568 δι
877 1509 915 1569 de

250 1611 376 1693 septimo
385 1633 462 1673 anno
476 1611 591 1674 vitilem
601 1630 702 1694 togam
717 1614 810 1694 cepit,
822 1612 875 1671 illis
890 1635 917 1674 cc

250 1715 325 1777 libus
339 1719 444 1778 iterum
456 1761 464 1790 ‚
474 1716 577 1797 quibus
594 1733 678 1776 natus
688 1733 762 1776 etat:
773 1719 917 1797 evenitqu

251 1842 290 1883 eo
300 1820 361 1903 ipso
371 1821 419 1882 die
428 1821 575 1881 Lucretius
586 1824 677 1902 po'eta
686 1819 851 1880 decederet.
861 1819 917 1882 Sed

246 1928 331 2009 gilius
353 1924 504 1987 Cremoni
521 1923 748 1997 Mediolanum,
768 1924 800 1982 &
822 1925 891 1984 inde
908 1949 917 2007 p

247 2030 314 2114 post
323 2028 481 2112 Neapolim
489 2028 596 2091 transiit
607 2029 675 2103 ;ubi
684 2032 749 2090 cium
758 2028 858 2090 litteris
870 2031 917 2090 &⁴

248 2137 291 2197 cis
302 2137 335 2197 &
346 2135 453 2196 Latinis
462 2131 742 2196 vehementiffimam
758 2154 880 2214 operam
899 2136 917 2195 d

245 2241 290 2304 set
300 2286 311 2316 ,
323 2239 443 2302 tandem
453 2241 534 2300 omni
544 2238 610 2299 cura
622 2241 762 2320 omnique
775 2237 867 2300 studio
879 2242 917 2301 in«

247 2345 406 2407 Medicinae
416 2343 448 2405 δι
460 2342 686 2404 Mathematicae.
699 2342 814 2422 Quibus
828 2344 915 2405 rebus

246 2467 316 2512 ante
327 2449 399 2508 alios
408 2446 743 2528 eruditiot,peritiorque
753 2445 840 2520 effer,
855 2446 885 2510 se
895 2452 917 2510 it

245 2555 316 2615 bem
329 2551 470 2626 contulit3
483 2551 635 2633 statimque
646 2551 770 2634 magistri
779 2551 880 2614 stabuli
896 2576 917 2616 e.

245 2680 312 2720 rum
325 2654 445 2739 Augusti
459 2659 614 2717 amicitiam
628 2656 726 2717 nuilus
739 2702 750 2731 ,
765 2657 873 2720 multos
883 2682 917 2721 vu

246 2782 305 2844 que
318 2763 439 2823 morbos
452 2762 610 2823 incidentes
623 2763 704 2843 equis
715 2765 833 2823 curavit.
847 2761 890 2823 At
903 2767 917 2824 i}

246 2866 417 2930 mercedem
438 2864 551 2948 singulis
569 2865 669 2926 diebus
688 2886 777 2948 panes
794 2865 917 2949 Virgilio

246 2972 297 3032 uni
313 2991 349 3033 ex
364 2970 519 3033 stabulariis
532 2971 613 3049 ,dari
625 2970 710 3052 julltt.
725 2970 840 3045 Interea
851 2995 868 3032 a
878 2973 917 3035 Cr

246 3078 330 3141 niatis
347 3077 442 3162 pullus
461 3079 529 3162 equi
547 3079 626 3140 tnirae
646 3076 863 3159 pulchritudinis
884 3077 917 3141 C:
