2525 3934
319 399 368 487 18
492 391 874 476 Bvcouca,

313 552 372 621 Ipse
386 552 430 606 sed
445 549 475 606 in
488 555 570 623 pratis
581 554 650 609 aries
665 553 717 622 jam
732 555 812 610 suave
826 552 931 608 rubenti

313 649 418 703 Murice
433 690 442 715 ‚
459 651 511 717 iarn
526 670 622 706 croceo
634 653 745 706 mutabit
758 655 858 707 vellera
870 656 951 706 luto:

256 760 290 813 45
311 746 413 816 Sponte
425 747 472 799 sui
487 750 588 820 sandyx
602 750 737 820 pascentes
747 749 842 804 vestiet
853 766 949 819 agnos.

351 844 425 896 Talia
437 846 504 898 secla
517 847 571 899 suis
585 848 727 912 dixerunt,
743 847 838 900 currite
849 885 857 909 ,
868 845 933 900 susis

315 943 469 995 Concordes
480 942 563 995 stabili
573 945 689 997 satonun
697 943 806 995 numine
815 941 914 995 Parcae.

314 1039 462 1108 Aggredere
471 1039 490 1092 ὃ
499 1055 625 1110 magnos,
635 1039 717 1092 aderit
726 1038 779 1104 jani
789 1051 895 1105 tempus
905 1075 913 1098 ,
922 1036 1051 1111 honores,

316 1138 382 1187 Cara
392 1137 481 1188 Dessm
490 1136 614 1200 soboles,
630 1152 754 1206 magnum
764 1135 778 1188 J
781 1132 843 1185 ovis
854 1133 1051 1186 incrementum.

262 1247 296 1301 50
313 1231 407 1300 Aspice
422 1250 549 1287 convexo
563 1249 701 1288 nutantem
716 1233 834 1301 pondere
850 1233 998 1295 mundum,

315 1328 628 1400 Terrasque,tranusque
635 1330 725 1394 maris,
732 1331 883 1396 coelumque
889 1327 1053 1395 profundum:

314 1423 410 1494 Aspice
421 1438 537 1481 venturo
545 1430 668 1481 laetcnmr
676 1440 707 1480 ut
715 1423 806 1480 omnia
814 1425 896 1478 seclo.

354 1521 381 1574 Ο
396 1522 463 1575 mihi
477 1537 531 1575 tam
545 1526 634 1594 longe
649 1537 754 1577 maneat
769 1540 829 1598 par3
844 1521 941 1574 ultima
951 1520 1034 1584 vita,

316 1615 430 1685 Spiritus
441 1658 448 1683 ,
465 1619 492 1672 δι
506 1621 633 1688 quantnm
642 1622 681 1674 sat
693 1620 743 1674 erit
753 1634 799 1672 tua
807 1618 895 1671 dicere
905 1617 989 1672 fana!

263 1735 294 1789 55
315 1713 380 1765 Non
388 1730 432 1766 me
441 1715 599 1769 carminibis
608 1717 716 1781 vincet,
728 1733 777 1769 nec
787 1714 917 1769 mincius
928 1714 1055 1784 Orpheus,

317 1812 374 1863 Nec
379 1811 779 1884 Linuszhuicmaterquamvis‚
789 1810 1018 1882 atquehuicpatcr
1023 1805 1081 1868 adst·

317 1907 423 1977 Orphei
436 1909 590 1979 Calliopea,
605 1910 675 1965 Lino
686 1910 817 1965 formosus
829 1910 941 1978 Apollo.

317 2003 373 2059 Pan
383 2005 463 2059 etiam
474 2005 584 2061 Arcadis
595 2023 700 2062 mecum
711 2007 731 2060 si
740 2006 826 2074 judice
835 2018 936 2071 certet,

317 2101 462 2157 Panetiam
471 2104 580 2158 Arcadii
591 2104 660 2158 dicat
671 2106 697 2158 se
707 2104 794 2170 judice
800 2101 916 2156 vietum.

261 2211 299 2264 ⁶0
316 2199 407 2269 Incipe
418 2239 428 2264 ‚
439 2217 521 2267 parve
536 2218 619 2270 puer,
636 2202 690 2254 risu
705 2199 865 2270 cognoscere
875 2212 1009 2253 matrem:

318 2295 402 2349 Matri
416 2299 498 2367 longa
515 2299 606 2351 decem
620 2302 737 2352 tulerunt
750 2296 850 2352 fastidia
864 2296 980 2352 menses.

318 2392 429 2462 Incipe,
444 2410 526 2462 parve
540 2410 614 2462 puer.
629 2394 680 2448 Cui
693 2409 749 2446 non
758 2394 836 2446 risere
847 2408 990 2462 parentes,

318 2489 376 2544 Nec
390 2490 465 2545 Deus
480 2490 549 2545 hunc
559 2491 651 2546 mensi
661 2531 669 2558 ,
681 2493 741 2546 Dea
752 2507 801 2545 nec
810 2489 916 2564 dignata
927 2488 1056 2549 cubilies.

546 2659 837 3000 opp
