2525 3934
338 412 414 490 172
528 384 869 471 AElvarnos

328 549 434 602 Moenia
444 551 622 605 Dardanidum
635 557 642 607 !
656 568 747 622 quater
757 552 817 622 ipso
829 553 859 605 in
871 551 966 606 limine
977 567 1057 621 porte

328 645 462 711 Substitit,
479 663 557 716 atque
567 665 645 702 utero
655 649 771 701 sonitum
781 664 876 718 quater
888 666 961 701 arrna
970 649 1060 702 dedere.

326 741 454 795 Instemus
466 758 554 796 tamen
565 745 749 809 immemores,
761 746 880 814 cecique
888 747 1001 810 surore,

272 857 321 908 245
331 839 364 889 Et
373 839 518 893 monstnun
529 841 625 894 infelix
634 842 730 896 sacrati
742 841 853 894 fistimus
865 859 937 897 arce.

328 937 493 990 Tuncetiam
501 938 561 991 satis
571 939 657 1007 aperit
668 937 805 992 Cassandra
814 939 914 992 suturis
1042 935 1044 938 ’

327 1034 402 1099 Ora,
418 1034 472 1101 Dei
482 1033 549 1101 juffu
559 1052 749 1105 nonunquam
758 1035 858 1088 credita
867 1036 986 1089 Teucris.

325 1132 384 1184 Nos
395 1133 500 1185 delubra
510 1133 599 1184 Detlm
608 1131 715 1196 miseri,
726 1132 822 1201 quibus
832 1133 946 1186 ultimus
954 1131 1013 1186 effet

326 1229 374 1281 Ille
383 1229 457 1292 dien,
469 1228 531 1282 sesti
541 1231 662 1281 velamus
673 1229 765 1281 fronde
777 1246 825 1297 per
835 1231 940 1283 urbem.

272 1344 325 1397 250
362 1326 484 1378 Vertitur
492 1326 592 1377 interca
601 1326 718 1387 coelum,
732 1325 823 1377 &ruit
833 1324 948 1378 Oceano
958 1343 1025 1389 nox,

326 1423 473 1477 Involvens
484 1421 574 1474 umbri
585 1420 680 1491 magna
688 1436 838 1489 terramque
850 1423 1012 1491 polumque,

326 1518 583 1587 Myrmidonumque
595 1519 673 1570 dolos
686 1535 693 1570 :
705 1517 753 1569 sufi
764 1533 812 1585 per
822 1518 929 1571 moenia
938 1516 1027 1572 Teucri

327 1615 506 1680 Conticuere:
518 1615 599 1682 sopor
609 1611 688 1666 sessos
700 1610 888 1680 compleffimt
897 1630 979 1669 artus.

325 1710 359 1761 Et
367 1708 420 1774 jam
429 1711 528 1778 Argiva
537 1711 653 1776 phalanx
661 1707 791 1762 instruffis
799 1710 915 1763 navibus
923 1711 978 1764 ibat

273 1830 303 1882 ²5
312 1807 351 1882 5A
361 1807 489 1869 Tenedo,
503 1805 589 1859 tacita
598 1822 647 1874 per
657 1805 742 1859 amica
750 1804 853 1859 silentia
863 1808 943 1860 Luna

327 1904 430 1958 Littora
439 1917 503 1956 nota
512 1917 605 1971 petens
615 1941 624 1966 ‚
636 1901 756 1955 flammas
766 1902 827 1955 cum
838 1903 913 1973 regia
922 1903 1018 1974 puppis

327 2005 483 2069 Exntlerat3
496 2000 608 2070 satisque
617 2000 706 2053 Detlm
715 1999 835 2053 defensus
843 2001 964 2070 iniquis,

327 2100 446 2153 Inclusos
457 2115 535 2152 utero
546 2100 658 2151 Danaos
670 2137 678 2161 ‚
697 2099 724 2150 &
734 2098 813 2166 pinea
822 2098 916 2151 furtim

327 2197 412 2249 Laxat
422 2195 529 2248 claustra
538 2195 624 2248 Sinon
635 2195 713 2248 :illos
726 2192 870 2262 patefactus
880 2197 913 2247 ad
924 2211 1000 2248 auras

274 2291 429 2354 260Reddit
440 2307 523 2359 equus
536 2330 544 2353 ‚
556 2290 662 2358 laetique
672 2307 740 2341 cavo
752 2289 778 2343 se
790 2291 886 2343 robore
897 2306 1026 2360 promunt

329 2388 519 2451 neffandms,
531 2388 720 2455 Sthenelusque
729 2389 822 2451 duces,
834 2389 861 2440 &
872 2388 945 2441 dirus
958 2388 1066 2460 Ulylles,

329 2485 478 2540 Demissum
485 2484 548 2552 lapsi
557 2499 604 2552 per
610 2483 701 2535 sunem
709 2522 716 2546 ‚
724 2483 900 2551 Athamasque
908 2524 916 2547 ,
923 2486 1068 2554 Thoasque,

319 2584 483 2652 Pelidesque
494 2581 704 2647 Neoptolemus,
716 2580 867 2648 primusque
877 2581 1014 2635 Machaon
1025 2621 1033 2646 ‚

331 2685 363 2734 Et
373 2680 510 2750 Menelais
522 2717 529 2739 ‚
542 2675 634 2743 &ipse
644 2675 698 2728 doli
709 2675 848 2727 fabricator
854 2677 952 2744 Epei'ts.

278 2784 326 2848 265
336 2780 467 2832 Invadunt
478 2776 568 2827 urbem
579 2772 675 2824 somno
683 2770 803 2842 vinoque
812 2772 959 2840 sepultam:

333 2875 475 2930 Caeduntur
483 2871 580 2940 vigiles
591 2870 744 2938 :portisque
755 2870 905 2938 patentibus
913 2887 1011 2926 omnes

333 2971 474 3039 Accipiunt
484 2967 572 3021 socios
585 3007 593 3031 ‚
605 2982 684 3036 atque
693 2967 798 3036 agmina
806 2967 911 3020 conscia
922 2967 1047 3039 jungtmt

370 3071 487 3139 Tempus
499 3079 556 3120 etat
566 3081 620 3135 quo
630 3063 716 3134 prima
728 3063 803 3134 quies
816 3065 971 3119 mortalibus
982 3067 1060 3139 aegris
