2525 3934
325 398 376 505 58
481 394 904 502 Geonorcou

320 564 423 634 Frigida
434 567 539 619 Sanuni
548 569 602 620 sese
614 567 669 636 qul)
681 569 753 623 stella
763 586 898 639 receptet,

320 662 398 727 Quos
411 663 480 732 ignis
492 666 555 717 coeli
567 665 706 733 Cyllenius
715 682 785 718 erret
794 667 822 718 in
831 668 918 719 orbes.

356 760 388 810 In
398 761 492 827 primis
503 778 629 813 venerare
639 763 714 814 Deos
725 801 732 825 ,
743 778 821 830 atque
830 780 916 815 annua
925 778 1022 832 magna

320 855 397 907 Sacra
407 856 475 908 reser
488 857 579 908 Cereri
591 895 599 920 ,
614 857 683 908 laetis
693 873 816 925 operatus
828 856 858 909 in
868 857 973 921 herbis,

266 963 318 1014 340
324 954 455 1006 Extrema
466 954 512 1006 sub
521 953 609 1006 casum
618 953 724 1022 hyemis
734 992 743 1016 ,
754 952 807 1018 jam
815 971 880 1006 vere
890 955 993 1007 sereno.

320 1051 397 1102 Tunc
407 1051 468 1120 agni
477 1052 589 1121 pingues
600 1090 609 1114 ,
627 1051 655 1103 δι
665 1066 727 1103 tunc
737 1049 886 1104 mollissima
896 1052 962 1104 vina
971 1070 985 1103 ε.

287 1220 289 1224 .
320 1149 397 1201 Tunc
407 1149 495 1201 somni
505 1151 609 1213 dulces,
619 1150 757 1218 densaequc
769 1149 799 1201 in
809 1150 945 1202 montibus
954 1149 1049 1202 umbre·

321 1245 423 1299 ennea
432 1245 479 1298 tibi
491 1248 614 1298 Cererem
626 1247 708 1313 pubes
717 1245 821 1314 agrestis
833 1249 943 1311 adoret,

326 1342 379 1394 Cui
389 1357 420 1394 tu
431 1341 497 1395 laste
508 1343 586 1395 savos
599 1343 626 1394 δι
639 1341 698 1393 miti
710 1343 780 1395 dilue
791 1343 894 1395 Baccho
905 1383 914 1407 ,

267 1449 315 1502 345
325 1439 430 1507 Terque
447 1432 533 1490 n'oves
547 1437 647 1490 circum
660 1439 726 1490 felix
739 1454 781 1491 ear
795 1439 879 1492 hostia
894 1441 982 1510 fruges
988 1478 1000 1502 „

322 1535 421 1607 Omnis
433 1552 512 1604 quam
523 1537 619 1588 chorus
630 1535 731 1588 &socii
742 1537 904 1589 comitentur
915 1553 1040 1594 ovantem

321 1633 354 1684 Er
365 1635 488 1685 Cererem
500 1635 616 1686 clamore
626 1648 728 1686 vocent
739 1633 768 1684 in
779 1633 846 1685 tesia
859 1652 865 1685 :
879 1651 966 1704 neque
977 1631 1034 1687 ante

321 1730 426 1782 Falcem
435 1730 545 1782 maturis
555 1729 692 1798 quisquam
702 1731 833 1797 supponet
843 1729 927 1783 aristis
939 1769 947 1794 ,

322 1827 412 1895 Quin
424 1828 515 1881 Cereri
527 1866 536 1891 ,
547 1827 617 1880 torti
627 1827 764 1879 redimitus
776 1843 898 1895 tempora
910 1845 1019 1897 quercu,

269 1925 382 1994 350Det
390 1939 480 1979 motus
492 1923 683 1992 incompositos
694 1963 705 1987 ,
715 1925 741 1976 δι
752 1925 869 1976 carmina
877 1926 957 1978 dicar.

280 2068 282 2074 ,
359 2026 447 2094 Atque
456 2027 512 2078 hec
520 2039 551 2077 ut
561 2024 640 2077 certis
649 2023 775 2092 possimus
785 2024 883 2076 discere
895 2024 993 2094 signis,

322 2122 460 2191 AEllusque
472 2161 481 2185 ,
497 2120 672 2190 pluviasque,
684 2122 710 2173 &
720 2137 826 2190 agentes
838 2122 938 2191 frigora
949 2136 1054 2178 ventos,

321 2219 381 2286 lpse
395 2219 471 2270 Pater
485 2216 572 2269 statuit
584 2217 648 2285 quid
660 2217 789 2269 menstrua
803 2219 877 2269 Luna
889 2233 1028 2280 moneret,

324 2315 388 2382 Quo
399 2315 474 2383 signo
487 2315 607 2366 caderent
615 2313 720 2377 Austri,
739 2314 802 2382 quid
814 2315 882 2384 saepe
894 2317 1014 2368 videntes

269 2425 318 2481 355
327 2411 477 2482 Agricola,
494 2410 604 2478 pt‘opius
618 2409 723 2463 stabulis
737 2425 854 2462 armenta
864 2402 998 2467 tenerent}
1090 2438 1092 2473 ι

326 2506 482 2572 Continuo,
496 2508 586 2560 ventis
600 2508 764 2578 surgentibus
776 2548 785 2572 ,
796 2523 840 2560 aut
851 2510 916 2561 freta
928 2509 1005 2578 ponti

324 2606 459 2674 Incipiunt
470 2605 566 2676 agitata
576 2605 721 2658 tumescere
734 2646 742 2670 ,
759 2608 785 2659 δι
800 2606 886 2659 aridus
898 2607 959 2660 altis

325 2702 466 2758 Montibus
477 2703 561 2756 audiri
570 2704 676 2773 fragor,
692 2719 736 2757 aut
745 2704 894 2756 resonantia
902 2704 984 2774 longe

326 2801 430 2854 Littera
436 2799 548 2861 misceri,
559 2801 732 2852 &nemorum
738 2799 927 2852 increbrescere
933 2812 1056 2852 murmur.

272 2900 389 2975 3601am
399 2898 446 2950 libi
454 2912 512 2951 tum
521 2896 609 2950 curvis
620 2895 689 2951 male
697 2909 830 2964 temperat
837 2897 906 2947 unda
915 2896 1025 2959 carinis,

329 2997 398 3050 Crim
406 2995 495 3048 medio
504 2996 602 3048 celeres
612 2995 736 3046 revolant
744 3009 780 3045 ex
788 3009 895 3061 equore
905 2995 1004 3064 mergi,

326 3096 529 3166 clamoremque
537 3093 625 3148 serunt
634 3091 785 3157 edlittota,
797 3092 912 3161 crlmque
921 3092 1031 3146 marine
