2525 3934
441 446 782 537 LIBERI.
905 479 983 564 ¹57

236 608 251 661 J
254 605 366 662 aiiatam
377 646 384 671 ,
400 608 447 662 hac
459 614 565 685 demum
574 613 665 666 voluit
674 611 812 665 consistere
822 609 901 665 terri.

236 707 304 758 Non
313 706 401 775 ignara
412 709 493 772 mali,
507 709 610 763 miseris
621 696 768 762 succurrere
778 709 860 761 disco.
984 697 1042 761 630

275 803 319 854 Sic
328 821 456 858 memorat
466 826 473 858 :
485 807 561 859 simul
574 806 678 858 AEnean
690 807 718 858 in
729 805 802 876 regia
811 803 884 857 ducit

236 898 318 952 Tetia
330 920 338 960 3
349 905 426 955 fimul
438 903 544 954 Divum
555 903 663 968 templis
676 902 769 955 indicit
778 904 920 956 honorem.

236 998 293 1050 Nec
304 999 392 1052 minias
404 1000 506 1051 interea
518 998 597 1051 sociis
608 1000 641 1050 ad
648 999 739 1052 littora
750 998 833 1052 mittit

236 1092 345 1163 Viginti
356 1110 448 1147 tauros
459 1134 467 1159 ,
480 1111 637 1166 magnorum
647 1096 783 1151 horrentia
795 1109 902 1148 centum

237 1188 327 1256 Terga
335 1189 411 1241 suum
421 1229 429 1253 ,
441 1191 551 1261 pingues
561 1205 668 1244 centum
678 1207 740 1244 cum
748 1191 875 1245 matribus
885 1207 977 1261 agnos,
985 1183 1037 1250 635

238 1283 371 1348 Munera,
386 1286 558 1357 letitiamque
568 1287 637 1340 Dei,
791 1281 794 1289 ’

237 1379 275 1454 Ar
283 1381 378 1435 domus
387 1383 500 1436 interior
509 1386 591 1454 regali
601 1383 735 1452 splendida
746 1386 814 1437 luxu

236 1477 392 1543 lnstnntur,
404 1479 550 1549 mediisque
559 1495 654 1548 parant
661 1458 789 1533 convivia
799 1479 887 1535 reiiis.

237 1575 301 1638 Arre
310 1577 435 1628 laboratae
446 1576 548 1638 vestes,
560 1575 685 1646 ostroque
696 1578 809 1646 superbo
820 1595 828 1630 r

237 1670 335 1737 Ingens
348 1683 485 1740 argentum
495 1671 608 1735 mentis,
624 1674 765 1742 caelaraque
776 1673 805 1726 in
815 1690 881 1728 auro
984 1677 1038 1739 640

237 1767 328 1818 Fortia
337 1766 404 1819 fasta
412 1782 516 1836 patrum
528 1807 536 1832 ,
549 1768 628 1821 series
640 1767 789 1840 lougiffima
797 1788 899 1835 rerum,

237 1863 287 1915 Per
297 1876 339 1916 rot
351 1863 427 1916 duola
434 1865 510 1918 viros
522 1864 637 1934 antiquae
650 1867 682 1919 ab
691 1866 796 1936 origine
805 1867 901 1935 gentis.

264 1959 370 2013 -AEneas
383 1963 573 2030 (nequeenim
584 1963 686 2030 patrius
696 1961 834 2014 confistere
846 1976 965 2015 mentem
1013 2014 1021 2035 ,

236 2055 325 2109 Paffus
337 2060 430 2126 arnor)
441 2058 562 2126 rapidum
572 2058 604 2110 ad
613 2074 696 2110 naves
706 2057 846 2125 praemittit
852 2057 982 2118 Achatem

188 2132 193 2139 ’
236 2153 352 2205 Ascanio
363 2155 510 2217 ferathaee,
526 2155 667 2222 ipsumque
679 2155 713 2205 ad
722 2153 823 2207 moenia
831 2155 916 2211 ducat.
981 2163 1032 2231 645

197 2281 199 2284 -
238 2247 340 2302 Omnis
351 2248 381 2302 in
392 2249 505 2302 Ascanio
518 2249 572 2303 cari
582 2249 630 2303 star
641 2266 702 2303 cura
710 2251 836 2319 parentia.

237 2347 353 2398 Munera
364 2360 489 2414 praterea
501 2346 610 2415 ,Iliacis
620 2362 711 2416 erepta
720 2347 822 2421 ruinis,

236 2447 315 2498 Ferre
324 2442 414 2510 jubet,
428 2446 526 2513 pallam
535 2443 614 2514 (ignis
625 2460 745 2513 auroque
756 2443 902 2514 rigentem,
1012 2504 1018 2525 ο

221 2602 225 2607 ,
235 2542 269 2594 Et
279 2539 483 2595 circumtextum
494 2557 592 2594 croceo
601 2543 728 2595 velamen
735 2541 847 2595 acantm
857 2581 869 2606 ,

239 2639 361 2692 Ornatus
373 2639 481 2709 Argiva
497 2641 622 2705 Helena,
638 2657 707 2710 quos
718 2637 918 2708 inamoenis,
982 2651 1037 2717 650

234 2735 362 2805 Pergam
370 2735 430 2789 ciuu
441 2748 562 2803 peteret,
573 2733 790 2805 inconceffosque
800 2735 981 2804 Hymenaeos,

234 2834 372 2887 Exnrlem
381 2871 390 2897 ,
401 2831 493 2885 matris
503 2834 580 2886 Leda
589 2832 708 2885 mirabile
716 2833 817 2885 domum
827 2849 835 2885 t

234 2931 363 2985 Prarerea
375 2931 507 2999 sceptrum
519 2967 528 2993 ,
544 2927 631 2982 Ilione
642 2929 714 2998 quod
725 2925 833 2999 gefferat
843 2926 911 2981 olim
975 2988 978 2996 Ι

236 3029 357 3082 Maxima
365 3042 484 3081 natarum
493 3025 609 3091 Priami,
622 3026 747 3097 colloque
756 3025 859 3079 monile

236 3125 424 3193 Brennum&
435 3123 567 3195 duplieem
577 3124 690 3197 gennis
700 3138 820 3192 auroque
831 3124 967 3201 eorunm}
979 3135 1030 3205 655
