2525 3934
393 342 656 429 errr
714 341 807 427 IV.
880 368 966 449 233·

215 506 250 557 Et
260 523 331 560 nunc
342 509 385 562 ille
395 511 483 575 Paris,
499 529 560 564 cum
569 511 698 585 semiviro
708 508 856 570 comitatu,
963 518 1013 569 215

215 603 338 655 Maronia
347 621 463 659 mentum
475 607 553 659 mitri
565 646 572 670 ‚
585 608 738 675 crinemque
747 607 897 658 madentem

215 699 349 754 Subnixus
360 741 369 764 ,
386 718 462 772 rapto
471 703 576 771 potitur
587 721 594 754 ι
606 718 657 754 nos
668 719 776 754 munera
787 699 894 769 templis

215 797 324 867 Quippe
334 800 386 853 tuis
397 800 507 852 serimus
519 838 527 863 ,
541 799 691 868 famamque
702 800 826 852 fovemus
838 799 954 852 inanem.

252 895 359 948 Talibus
371 910 493 947 orantem
502 893 578 947 distis
589 933 596 957 ‚
609 895 716 963 arasque
729 909 863 947 tenentem

213 988 307 1041 Audiit
317 989 499 1057 Omnipotens
508 1009 518 1055 3
535 974 679 1061 oculosque
689 993 721 1043 ad
730 991 833 1043 moenia
844 989 919 1042 torsit
962 1005 1017 1043 220

214 1084 319 1153 Regia,
334 1086 360 1136 δι
371 1086 469 1139 oblitos
478 1089 554 1164 sama
563 1088 683 1141 melioris
693 1103 822 1141 amantes.

214 1182 287 1232 Tum
297 1182 331 1234 sic
340 1183 503 1235 Mercurium
512 1185 657 1255 alloquitur
668 1224 676 1248 ‚
688 1202 718 1237 ac
728 1184 790 1236 talia
800 1185 921 1236 mandat:

215 1279 291 1332 Vade
301 1296 367 1350 age,
383 1294 458 1343 nate,
470 1297 539 1332 voca
550 1283 684 1350 zephyros
694 1282 744 1344 ‚2&
752 1283 839 1333 labere
848 1280 960 1349 peonio,

178 1427 192 1461 ὅ
214 1377 432 1446 Dardaniumque
443 1380 535 1430 ducem
546 1416 554 1442 ,
566 1379 650 1449 Tyrii
661 1380 818 1447 Carthagine
829 1379 875 1447 qui
890 1395 959 1432 nunc
1006 1414 1010 1429 r

178 1526 191 1561 Ι
213 1473 355 1541 Exspectat
367 1513 377 1537 ,
391 1475 504 1543 fatisque
513 1477 584 1528 datas
595 1494 652 1528 non
662 1477 768 1545 respicit
777 1478 870 1539 urbes,
960 1491 1010 1544 225

210 1573 361 1638 Alloquere
372 1608 380 1633 ,
395 1571 421 1621 δι
431 1572 529 1623 celeres
538 1571 609 1624 deser
618 1589 678 1624 mea
687 1571 755 1624 diua
763 1589 810 1640 per
819 1588 902 1629 auras.

179 1732 181 1743 Ι
208 1667 278 1718 Non
287 1665 364 1718 illum
373 1666 450 1719 nobis
460 1666 577 1736 genitrix
588 1669 762 1736 pulcherrima
769 1670 849 1722 talem

179 1746 180 1754 ἵ
207 1760 354 1827 Promisit,
366 1762 529 1834 Graiumque
538 1766 600 1820 ideo
609 1765 650 1821 bis
658 1765 780 1820 vindicat
788 1766 884 1821 armis:

205 1859 959 1930 Sedsorequigravidamimperiis,belloquesrementem

202 1953 316 2007 ltaliam
324 1970 426 2024 regeret
436 1995 445 2018 ,
457 1973 541 2024 genus
550 1958 607 2007 alto
617 1972 632 2006 a
642 1955 768 2024 sanguine
777 1955 875 2009 Teucri
963 1971 1016 2026 230

206 2051 355 2113 Proderet,
371 2067 401 2102 ac
412 2065 501 2104 totum
510 2050 556 2102 sub
565 2052 637 2121 leges
647 2051 766 2104 mitterer
775 2053 877 2110 orbem.

207 2147 241 2199 Si
255 2147 333 2217 nulla·
342 2146 460 2198 accendit
471 2161 602 2200 tantarum
612 2147 697 2218 gloria
709 2154 814 2215 rerum,

209 2246 270 2297 Nec
282 2243 360 2311 super
370 2242 426 2311 ipse
437 2243 484 2297 sui
498 2245 608 2298 molitur
618 2248 694 2300 laude
702 2247 835 2312 laborem,
900 2270 903 2275 ·

209 2339 362 2394 Ascanione
374 2355 449 2409 parer
466 2343 601 2396 Romanas
610 2343 823 2398 invidetarcesi·
879 2392 881 2396 Α

210 2438 287 2504 Quid
296 2436 441 2492 slmitlaut
450 2438 502 2508 qui
511 2440 556 2507 spe
565 2439 674 2494 inimica
683 2440 798 2512 ingente
807 2448 941 2500 moratur?
954 2461 1003 2515 235

209 2536 269 2587 Nec
280 2537 385 2602 prolem
393 2536 539 2591 Ausoniam
550 2537 577 2590 &
585 2537 698 2591 Lavinia
708 2537 816 2607 respicit
824 2543 908 2594 arva?

208 2629 330 2698 Naviget
341 2647 347 2681 :
357 2629 413 2681 hac
422 2631 522 2683 summa
531 2631 581 2696 est,
590 2633 635 2686 hic
644 2633 726 2686 nostri
735 2635 844 2687 nuntius
854 2634 919 2693 esto.

248 2725 364 2778 Dixerat
376 2745 383 2779 ε
393 2725 439 2778 ille
449 2712 532 2795 barris
543 2729 632 2798 magni
644 2730 735 2798 parere
747 2733 853 2801 parabat

208 2823 347 2892 Imperio:
360 2823 387 2874 δι
395 2823 510 2892 primum
523 2823 632 2891 pedibus
644 2825 733 2880 talaria
741 2829 824 2883 nestit

209 2924 316 2986 Aurea,
328 2938 386 2991 quae
395 2920 534 2976 sublimem
543 2921 591 2976 alis
602 2962 609 2988 ‚
626 2923 681 2994 live
690 2944 796 2995 equora
808 2927 899 2994 supra,
957 2949 1012 2999 ²40

211 3018 264 3075 Seu
277 3031 390 3084 terram,
403 3019 495 3092 rapido
504 3020 603 3091 pariter
611 3038 675 3081 cum·
683 3022 792 3081 flamine
801 3035 918 3095 ponant.
