2525 3934
393 441 657 526 Ltnett
718 439 787 524 II.
905 467 956 551 73

214 610 385 677 Felicemque
395 609 502 661 trahunt
509 608 605 660 limum
617 627 624 659 ε
638 607 736 676 quique
748 605 833 658 editus
847 601 941 653 Aullro
953 639 961 661 ‚

215 707 247 757 Et
258 705 360 758 filicem
371 705 460 758 curvis
473 704 586 756 invisam
595 703 677 771 pascit
689 700 789 754 aratris.

217 802 271 855 llic
281 802 332 854 tibi
343 802 500 870 prevalidas
513 801 599 864 olim,
614 801 753 869 multoque
764 796 877 851 fluentes
966 807 1019 857 190

218 898 337 951 Sufficiet
347 898 451 951 Baccho
463 897 534 949 vites
544 915 554 956 ·,
565 896 609 948 hic
623 894 718 948 fertilis
729 912 789 946 uvae
801 933 809 957 ‚

219 995 272 1047 llic
282 994 370 1046 laticis
384 1033 392 1057 ,
409 995 515 1063 qualem
526 992 624 1060 pateris
633 993 744 1044 libamus
755 992 781 1043 δι
790 1007 873 1053 auto,

220 1089 330 1142 Inflavit
343 1090 403 1142 cunt
414 1088 521 1158 pinguis
534 1090 598 1141 ebur
606 1089 761 1159 Tyrrhenus
773 1088 806 1140 ad
816 1104 892 1150 aras,

220 1186 352 1239 Lancibus
363 1186 390 1237 δι
401 1186 493 1253 pandis
504 1185 631 1238 fumantia
643 1185 775 1238 reddimus
785 1198 855 1238 exta.

262 1283 311 1336 Sin
321 1296 437 1335 armenta
448 1282 532 1353 magis
541 1281 653 1335 studium
666 1319 674 1341 ,
691 1283 844 1351 vitulosque
852 1279 922 1335 tueti
933 1319 957 1362 ‚‚
973 1294 1020 1345 195

223 1383 279 1433 Aut
289 1380 372 1432 foetus
382 1379 477 1431 ovium
487 1417 495 1442 ‚
511 1393 556 1430 aut
566 1393 674 1431 urentes
687 1381 757 1431 culta
768 1379 896 1446 capellas,

224 1480 313 1531 Saltus
324 1515 332 1539 ,
345 1477 372 1528 δι
382 1474 462 1528 saturi
473 1475 561 1542 petito
572 1475 718 1544 longinqua
726 1474 835 1526 Tarenti
845 1513 853 1537 ,

225 1575 259 1626 Et
270 1574 376 1642 qualem
387 1571 481 1624 infelix
491 1569 576 1621 amisit
584 1570 695 1622 Mantua
704 1587 844 1638 campum,

226 1670 382 1724 Pascentem
391 1668 487 1721 niveos
496 1667 610 1720 herboso
621 1666 732 1719 flumine
743 1684 854 1737 cycnos.

227 1769 296 1820 Non
306 1763 402 1833 liquidi
413 1763 534 1834 gregibus
542 1764 650 1828 lentes,
663 1779 719 1815 non
730 1764 847 1833 gramina
856 1763 963 1830 desunt,
976 1782 1029 1818 200

229 1864 263 1915 Et
274 1862 402 1932 quantum
412 1863 501 1931 longis
512 1875 619 1930 carpent
630 1877 747 1915 armenta
759 1861 864 1926 diebus,

230 1959 334 2030 Exigud
346 1959 448 2011 tantdm
460 1958 560 2028 gelidus
570 1975 615 2011 tos
628 1958 706 2010 nolle
718 1973 839 2026 reponet.

267 2057 352 2127 Nigra
360 2056 430 2118 lete,
443 2055 470 2107 δι
480 2053 567 2123 prello
578 2055 685 2124 pinguis
695 2055 741 2107 sub
750 2070 862 2106 vomere
871 2067 958 2119 terta,

232 2154 265 2206 Et
276 2153 320 2206 cui
331 2167 409 2221 putre
420 2151 507 2205 solum
518 2150 649 2219 (namque
658 2153 710 2202 hoc
720 2149 854 2203 imitamur
863 2153 977 2219 arando)

234 2249 348 2318 Optima
356 2246 496 2301 fnunentis
507 2267 514 2300 t
526 2264 582 2300 non
590 2249 647 2300 ullo
658 2265 692 2300 ex
704 2265 811 2317 aequore
820 2256 911 2302 centes
981 2269 1031 2315 ης

233 2346 311 2399 Plura
323 2346 434 2396 domum
450 2343 529 2395 tardis
542 2344 666 2396 decedere
677 2344 787 2412 plaustra
798 2344 918 2410 juvencis
928 2320 945 2400 :⁴

235 2443 288 2494 Aut
297 2441 368 2494 unde
378 2439 460 2491 iratus
472 2440 576 2509 sylvam
586 2441 695 2493 devexit
706 2456 807 2504 arator,

236 2540 269 2590 Et
280 2553 392 2590 nemora
401 2535 499 2588 evertit
510 2538 610 2588 multos
622 2536 719 2606 ignava
727 2554 775 2605 pet
784 2554 884 2602 annos,

236 2633 417 2702 Antiquasque
429 2632 525 2684 domos
535 2631 626 2683 avium
638 2648 696 2684 cum
707 2632 828 2701 stirpibus
839 2635 901 2690 imis

238 2731 314 2782 Etuit
324 2749 331 2781 ι
342 2728 396 2780 illae
408 2729 490 2780 altum
500 2728 569 2781 nidis
579 2729 681 2797 petiere
690 2729 798 2784 teliffls.
988 2757 1040 2795 210

238 2828 275 2878 At
284 2825 358 2878 rudis
369 2824 467 2878 enituit
477 2824 592 2893 impulso
601 2843 713 2879 vomere
723 2843 839 2896 campus.

276 2925 347 2976 Nam
355 2919 444 2987 ieiuna
454 2923 560 2991 quidem
569 2922 663 2976 clivoli
676 2925 761 2992 glarea
772 2925 840 2979 rutis

240 3019 298 3074 Vix
308 3018 424 3071 humiles
436 3017 527 3086 apibus
539 3019 636 3080 astas,
651 3035 792 3088 roremque
803 3020 947 3080 ministrat:

241 3118 274 3169 Et
283 3110 383 3182 tophus
393 3113 498 3177 scaber,
512 3113 539 3168 δι
548 3113 631 3184 nigris
643 3115 721 3170 exesa
731 3116 864 3187 chelydris

306 3210 393 3264 Tomus
412 3208 436 3265 I.
859 3214 887 3265 D
