2525 3934
341 401 421 475 240
535 350 876 455 AEnnioos

337 538 361 588 lt
370 535 475 606 nigrum
485 536 584 604 campis
596 552 708 605 agmen,
720 538 890 606 predamque
901 554 948 605 per
957 534 1045 590 herbas

281 633 504 696 405Convediant
514 637 580 686 calle
589 620 714 704 angusto}
728 651 788 702 pars
799 635 911 704 grandia
921 638 1028 688 trudunt
1065 652 1067 657 ·

339 730 455 783 Obnixae
468 732 599 784 frumenta
607 730 725 783 humeris
736 749 743 783 :
753 747 814 799 pars
825 731 936 800 agmina
946 746 1051 802 cogunt,

339 825 523 896 castigantque
532 843 621 879 moras
632 845 639 879 :
649 842 731 896 opere
741 827 832 879 omnis
845 828 941 880 semita
949 829 1039 881 fervet.

344 971 349 977 .
376 923 444 989 Quis
455 923 503 976 tibi
513 940 583 975 nunc
593 964 601 987 ,
611 923 685 976 Dido
695 961 703 987 ,
716 924 839 976 cernenti
850 927 913 978 talia
921 925 1007 977 sensus
1017 929 1028 978 ?

339 1020 450 1086 Quosve
460 1021 535 1073 dabas
546 1019 660 1090 gemitus
672 1059 680 1080 ,
696 1018 756 1072 edm
767 1019 863 1073 littora
873 1021 973 1073 fervere
981 1020 1030 1072 late
1092 1032 1094 1039 ·

284 1132 338 1179 410
346 1116 511 1185 prospiceres
521 1133 579 1169 arce
589 1133 625 1168 ex
633 1117 734 1169 summa
745 1155 752 1179 ,
763 1131 909 1186 totumque
921 1117 1025 1170 videres
1092 1152 1094 1199 Ι

341 1213 450 1266 Misceri
462 1228 522 1265 ante
535 1214 628 1266 oculos
638 1213 719 1264 tantis
732 1212 894 1266 clamoribus
908 1216 1018 1283 aequot?
1092 1202 1094 1217 '

341 1311 465 1379 Improbe
473 1325 566 1373 amor,
579 1307 643 1377 quid
651 1324 707 1359 non
716 1309 842 1360 mortalia
851 1309 962 1377 pellora
973 1304 1055 1380 cogis?

341 1411 383 1460 Ire
394 1407 490 1461 iterum
500 1405 529 1458 in
538 1407 668 1475 lacrymas
681 1443 689 1468 ,
705 1404 803 1458 iterum
813 1419 920 1458 tentare
930 1408 1053 1475 precando

343 1504 474 1572 cogitio,
488 1503 637 1570 &supplex
645 1499 749 1552 animos
759 1499 918 1554 submittere
930 1502 1032 1561 amoric

286 1615 337 1669 415
347 1601 388 1652 Ne
400 1601 465 1668 quid
474 1601 644 1668 inexpertum
656 1595 787 1665 (frustra)
798 1595 937 1650 moritura
952 1598 1072 1667 relinquat

378 1698 455 1749 Anna
465 1735 473 1759 ‚
488 1695 565 1748 vides
578 1711 638 1748 toto
647 1692 785 1763 properari
794 1693 891 1746 littore
900 1695 1002 1749 circdm
1012 1714 1019 1747 ι

342 1793 467 1861 Undique
478 1807 629 1843 convenere
642 1809 649 1842 ε
662 1804 743 1842 vocat
752 1789 805 1854 jam
818 1791 944 1843 carbasus
954 1808 1043 1849 auram

342 1887 476 1960 Puppibus
486 1888 513 1940 δι
521 1885 576 1940 laeti
586 1899 671 1938 nautae
680 1884 832 1954 imposuere
841 1901 970 1940 coronas.

344 1989 423 2040 Hunc
434 2003 485 2057 ego
497 1983 602 2054 sipotui
612 1997 715 2035 tantum
726 1982 830 2050 sperare
842 1983 984 2046 dolorem,

289 2101 342 2150 420
349 2088 381 2137 Et
387 2085 510 2152 perferre,
518 2084 593 2136 soror
601 2122 608 2145 ‚
615 2096 722 2149 potero.
730 2079 836 2131 Miserae
846 2079 902 2132 ltoc
912 2096 1004 2133 tamen
1012 2094 1073 2133 unun

343 2182 492 2248 Exsequere
503 2219 510 2243 ‚
523 2182 599 2232 Amla
610 2219 617 2243 ‚
630 2176 715 2230 mihi:
728 2177 811 2229 solam
823 2194 888 2229 nam
899 2177 1018 2247 perfidus
1030 2178 1064 2229 ille

344 2280 382 2330 Te
393 2280 481 2330 colere
493 2316 500 2341 ‚
516 2294 626 2329 arcanos
639 2277 721 2329 etiam
733 2275 782 2327 tibi
790 2276 900 2328 credere
911 2277 1005 2330 sensus
1015 2294 1024 2336 ·,

338 2377 405 2429 Sola
414 2374 468 2428 viri
480 2376 575 2427 molles
585 2374 670 2425 aditus
683 2375 709 2425 &
722 2387 843 2440 tempora
852 2388 947 2426 noras.

342 2475 370 2536 1,
383 2474 474 2536 soror,
487 2489 564 2541 atque
573 2470 676 2524 hostem
685 2471 798 2538 supplex
807 2469 888 2522 affare
899 2471 1052 2538 superbum:

288 2589 337 2638 425
349 2572 413 2621 Non
422 2585 472 2639 ego
482 2585 542 2620 cum
552 2568 652 2620 Danais
659 2568 802 2633 Troianam
812 2566 971 2620 exscindere
979 2578 1068 2638 genten

343 2666 437 2719 Aulide
446 2664 531 2732 juravi
542 2704 550 2727 ‚
562 2662 701 2716 claffemve
711 2665 743 2715 ad
751 2663 877 2732 Pergama
889 2664 953 2716 mifi
964 2684 972 2718 τ

217 2789 223 2798 -
275 2821 277 2825 Α
343 2765 399 2814 Nec
410 2763 494 2815 Patris
503 2761 622 2814 Anchisae
636 2762 737 2814 cineres
747 2760 875 2813 manesve
887 2764 999 2817 revelli.

344 2861 398 2910 Cur
407 2875 465 2909 mea
476 2858 543 2910 dista
552 2872 629 2927 negat
639 2859 715 2910 duras
725 2842 864 2908 demittere
876 2856 905 2907 in
915 2874 995 2911 aures
1006 2861 1017 2912 ἓ

344 2952 407 3019 Qud
413 2953 483 3006 ruit?
494 2967 643 3006 extremum
650 2954 701 3008 hoc
708 2953 809 3006 miserae
817 2954 861 3004 det
868 2969 970 3007 munus
981 2949 1078 3007 amanti:

287 3070 341 3123 430
349 3049 487 3122 Exspedet
497 3049 655 3123 facilemque
665 3051 753 3123 sugam
763 3087 771 3114 ‚
783 3049 938 3120 ventosque
949 3051 1067 3106 serentes,

1025 3150 1076 3200 Non
