<?xml version="1.0" encoding="UTF-8"?>
<!DOCTYPE html PUBLIC "-//W3C//DTD XHTML 1.0 Transitional//EN"
    "http://www.w3.org/TR/xhtml1/DTD/xhtml1-transitional.dtd">
<html xmlns="http://www.w3.org/1999/xhtml" xml:lang="en" lang="en">
 <head>
  <title>
</title>
<meta http-equiv="Content-Type" content="text/html;charset=utf-8" />
  <meta name='ocr-system' content='tesseract 3.04.00' />
  <meta name='ocr-capabilities' content='ocr_page ocr_carea ocr_par ocr_line ocrx_word'/>
</head>
<body>
  <div class='ocr_page' id='page_1' title='image "./publiivirgiliim01vegigoog/publiivirgiliim01vegigoog_0272.png"; bbox 0 0 2525 3934; ppageno 0'>
   <div class='ocr_carea' id='block_1_1' title="bbox 301 336 843 424">
    <p class='ocr_par' dir='ltr' id='par_1_1' title="bbox 301 336 843 424">
     <span class='ocr_line' id='line_1_1' title="bbox 301 336 843 424; baseline 0.007 -4"><span class='ocrx_word' id='word_1_1' title='bbox 301 343 379 422; x_wconf 88' lang='lat'>218</span> <span class='ocrx_word' id='word_1_2' title='bbox 505 336 843 424; x_wconf 73' lang='lat' dir='ltr'>AENarnos</span> 
     </span>
    </p>
   </div>
   <div class='ocr_carea' id='block_1_2' title="bbox 238 505 1032 3105">
    <p class='ocr_par' dir='ltr' id='par_1_2' title="bbox 239 505 1032 966">
     <span class='ocr_line' id='line_1_2' title="bbox 239 505 1027 580; baseline 0.006 -23"><span class='ocrx_word' id='word_1_3' title='bbox 239 505 293 556; x_wconf 81' lang='lat'>620</span> <span class='ocrx_word' id='word_1_4' title='bbox 299 507 388 559; x_wconf 86' lang='lat' dir='ltr'>Sidera</span> <span class='ocrx_word' id='word_1_5' title='bbox 399 505 411 572; x_wconf 90' lang='lat'>(</span> <span class='ocrx_word' id='word_1_6' title='bbox 420 506 468 558; x_wconf 92' lang='lat' dir='ltr'>Dii</span> <span class='ocrx_word' id='word_1_7' title='bbox 479 548 487 570; x_wconf 90' lang='lat'>‚</span> <span class='ocrx_word' id='word_1_8' title='bbox 499 510 580 561; x_wconf 90' lang='lat' dir='ltr'>talem</span> <span class='ocrx_word' id='word_1_9' title='bbox 591 509 669 561; x_wconf 88' lang='lat' dir='ltr'>terris</span> <span class='ocrx_word' id='word_1_10' title='bbox 680 508 797 561; x_wconf 87' lang='lat' dir='ltr'>avertite</span> <span class='ocrx_word' id='word_1_11' title='bbox 806 507 909 578; x_wconf 90' lang='lat' dir='ltr'>pestem</span> <span class='ocrx_word' id='word_1_12' title='bbox 921 511 933 580; x_wconf 88' lang='lat'>)</span> <span class='ocrx_word' id='word_1_13' title='bbox 1022 509 1027 516; x_wconf 83' lang='lat'><strong>‘</strong></span> 
     </span>
     <span class='ocr_line' id='line_1_3' title="bbox 294 603 870 671; baseline 0.009 -17"><span class='ocrx_word' id='word_1_14' title='bbox 294 605 351 656; x_wconf 86' lang='lat' dir='ltr'>Nec</span> <span class='ocrx_word' id='word_1_15' title='bbox 359 603 420 656; x_wconf 87' lang='lat' dir='ltr'>visu</span> <span class='ocrx_word' id='word_1_16' title='bbox 428 603 512 657; x_wconf 82' lang='lat' dir='ltr'>facilis</span> <span class='ocrx_word' id='word_1_17' title='bbox 523 646 532 671; x_wconf 91' lang='lat'>‚</span> <span class='ocrx_word' id='word_1_18' title='bbox 547 620 595 657; x_wconf 88' lang='lat' dir='ltr'>nec</span> <span class='ocrx_word' id='word_1_19' title='bbox 604 603 675 656; x_wconf 73' lang='lat' dir='ltr'>diditi</span> <span class='ocrx_word' id='word_1_20' title='bbox 684 603 798 658; x_wconf 83' lang='lat' dir='ltr'>affabilis</span> <span class='ocrx_word' id='word_1_21' title='bbox 808 607 870 660; x_wconf 91' lang='lat' dir='ltr'>ulli.</span> 
     </span>
     <span class='ocr_line' id='line_1_4' title="bbox 294 699 1010 772; baseline 0.01 -21"><span class='ocrx_word' id='word_1_22' title='bbox 294 699 448 753; x_wconf 86' lang='lat' dir='ltr'>Visceribus</span> <span class='ocrx_word' id='word_1_23' title='bbox 460 701 632 766; x_wconf 86' lang='lat' dir='ltr'>miserorum,</span> <span class='ocrx_word' id='word_1_24' title='bbox 645 703 672 754; x_wconf 71' lang='grc' dir='ltr'>ἃ</span> <span class='ocrx_word' id='word_1_25' title='bbox 680 701 808 772; x_wconf 83' lang='lat' dir='ltr'>sanguine</span> <span class='ocrx_word' id='word_1_26' title='bbox 817 702 938 757; x_wconf 78' lang='lat' dir='ltr'>vescitur</span> <span class='ocrx_word' id='word_1_27' title='bbox 948 720 1010 758; x_wconf 90' lang='lat' dir='ltr'>atto.</span> 
     </span>
     <span class='ocr_line' id='line_1_5' title="bbox 294 797 1032 870; baseline 0.007 -21"><span class='ocrx_word' id='word_1_28' title='bbox 294 797 360 850; x_wconf 90' lang='lat' dir='ltr'>Vidi</span> <span class='ocrx_word' id='word_1_29' title='bbox 371 814 496 870; x_wconf 80' lang='lat' dir='ltr'>egomet,</span> <span class='ocrx_word' id='word_1_30' title='bbox 512 801 565 853; x_wconf 91' lang='lat' dir='ltr'>duo</span> <span class='ocrx_word' id='word_1_31' title='bbox 578 801 609 853; x_wconf 89' lang='lat' dir='ltr'>de</span> <span class='ocrx_word' id='word_1_32' title='bbox 618 816 732 852; x_wconf 86' lang='lat' dir='ltr'>numero</span> <span class='ocrx_word' id='word_1_33' title='bbox 741 800 803 854; x_wconf 78' lang='lat' dir='ltr'>clim</span> <span class='ocrx_word' id='word_1_34' title='bbox 812 817 930 870; x_wconf 85' lang='lat' dir='ltr'>corpora</span> <span class='ocrx_word' id='word_1_35' title='bbox 939 802 1032 864; x_wconf 84' lang='lat' dir='ltr'>nostro,</span> 
     </span>
     <span class='ocr_line' id='line_1_6' title="bbox 294 893 1002 966; baseline 0.007 -21"><span class='ocrx_word' id='word_1_36' title='bbox 294 893 390 947; x_wconf 78' lang='lat' dir='ltr'>Ptousa</span> <span class='ocrx_word' id='word_1_37' title='bbox 402 912 482 948; x_wconf 89' lang='lat' dir='ltr'>manu</span> <span class='ocrx_word' id='word_1_38' title='bbox 491 896 586 966; x_wconf 71' lang='lat' dir='ltr'>magni</span> <span class='ocrx_word' id='word_1_39' title='bbox 597 935 604 960; x_wconf 94' lang='lat'>‚</span> <span class='ocrx_word' id='word_1_40' title='bbox 617 895 706 949; x_wconf 84' lang='lat' dir='ltr'>medio</span> <span class='ocrx_word' id='word_1_41' title='bbox 718 897 863 966; x_wconf 82' lang='lat' dir='ltr'>resupinus</span> <span class='ocrx_word' id='word_1_42' title='bbox 873 898 901 950; x_wconf 91' lang='lat' dir='ltr'>in</span> <span class='ocrx_word' id='word_1_43' title='bbox 911 913 1002 961; x_wconf 87' lang='lat' dir='ltr'>antro,</span> 
     </span>
    </p>

    <p class='ocr_par' dir='ltr' id='par_1_3' title="bbox 238 992 987 1154">
     <span class='ocr_line' id='line_1_7' title="bbox 238 992 987 1063; baseline 0 -18"><span class='ocrx_word' id='word_1_44' title='bbox 238 994 289 1058; x_wconf 79' lang='lat'>625</span> <span class='ocrx_word' id='word_1_45' title='bbox 299 994 439 1062; x_wconf 83' lang='lat' dir='ltr'>Frangetet</span> <span class='ocrx_word' id='word_1_46' title='bbox 450 994 483 1045; x_wconf 93' lang='lat' dir='ltr'>ad</span> <span class='ocrx_word' id='word_1_47' title='bbox 492 992 585 1045; x_wconf 83' lang='lat' dir='ltr'>saxum</span> <span class='ocrx_word' id='word_1_48' title='bbox 597 1033 606 1056; x_wconf 87' lang='lat'>,</span> <span class='ocrx_word' id='word_1_49' title='bbox 617 992 741 1062; x_wconf 80' lang='lat' dir='ltr'>sanieque</span> <span class='ocrx_word' id='word_1_50' title='bbox 754 995 863 1063; x_wconf 84' lang='lat' dir='ltr'>aspersa</span> <span class='ocrx_word' id='word_1_51' title='bbox 873 1011 987 1048; x_wconf 89' lang='lat' dir='ltr'>natarent</span> 
     </span>
     <span class='ocr_line' id='line_1_8' title="bbox 295 1089 969 1154; baseline 0.003 -12"><span class='ocrx_word' id='word_1_52' title='bbox 295 1089 399 1142; x_wconf 85' lang='lat' dir='ltr'>Limina</span> <span class='ocrx_word' id='word_1_53' title='bbox 409 1109 417 1144; x_wconf 75' lang='grc' dir='ltr'><strong><em>ε</em></strong></span> <span class='ocrx_word' id='word_1_54' title='bbox 427 1090 484 1143; x_wconf 87' lang='lat' dir='ltr'>vidi</span> <span class='ocrx_word' id='word_1_55' title='bbox 494 1131 502 1154; x_wconf 93' lang='lat'>‚</span> <span class='ocrx_word' id='word_1_56' title='bbox 516 1107 575 1141; x_wconf 78' lang='lat' dir='ltr'>atto</span> <span class='ocrx_word' id='word_1_57' title='bbox 588 1090 649 1142; x_wconf 77' lang='lat' dir='ltr'>clun</span> <span class='ocrx_word' id='word_1_58' title='bbox 658 1089 777 1142; x_wconf 86' lang='lat' dir='ltr'>membra</span> <span class='ocrx_word' id='word_1_59' title='bbox 787 1089 902 1144; x_wconf 84' lang='lat' dir='ltr'>fluentia</span> <span class='ocrx_word' id='word_1_60' title='bbox 911 1092 969 1143; x_wconf 85' lang='lat' dir='ltr'>tabo</span> 
     </span>
    </p>

    <p class='ocr_par' dir='ltr' id='par_1_4' title="bbox 242 1187 1017 1438">
     <span class='ocr_line' id='line_1_9' title="bbox 242 1187 1017 1256; baseline 0.003 -17"><span class='ocrx_word' id='word_1_61' title='bbox 242 1220 245 1225; x_wconf 90' lang='lat'>-</span> <span class='ocrx_word' id='word_1_62' title='bbox 295 1189 452 1253; x_wconf 88' lang='lat' dir='ltr'>Manderet,</span> <span class='ocrx_word' id='word_1_63' title='bbox 469 1187 588 1256; x_wconf 86' lang='lat' dir='ltr'>&amp;tepidi</span> <span class='ocrx_word' id='word_1_64' title='bbox 599 1199 744 1240; x_wconf 88' lang='lat' dir='ltr'>tremerent</span> <span class='ocrx_word' id='word_1_65' title='bbox 754 1187 801 1239; x_wconf 92' lang='lat' dir='ltr'>sub</span> <span class='ocrx_word' id='word_1_66' title='bbox 812 1189 936 1243; x_wconf 83' lang='lat' dir='ltr'>dentibus</span> <span class='ocrx_word' id='word_1_67' title='bbox 946 1205 1017 1241; x_wconf 85' lang='lat' dir='ltr'>artus.</span> 
     </span>
     <span class='ocr_line' id='line_1_10' title="bbox 296 1284 993 1356; baseline 0.003 -18"><span class='ocrx_word' id='word_1_68' title='bbox 296 1286 374 1339; x_wconf 82' lang='lat' dir='ltr'>Haud</span> <span class='ocrx_word' id='word_1_69' title='bbox 385 1287 494 1356; x_wconf 86' lang='lat' dir='ltr'>impune</span> <span class='ocrx_word' id='word_1_70' title='bbox 504 1286 610 1355; x_wconf 86' lang='lat' dir='ltr'>quidem</span> <span class='ocrx_word' id='word_1_71' title='bbox 620 1304 628 1338; x_wconf 77' lang='lat' dir='ltr'>t</span> <span class='ocrx_word' id='word_1_72' title='bbox 639 1301 688 1338; x_wconf 88' lang='lat' dir='ltr'>nec</span> <span class='ocrx_word' id='word_1_73' title='bbox 699 1285 762 1337; x_wconf 84' lang='lat' dir='ltr'>talia</span> <span class='ocrx_word' id='word_1_74' title='bbox 771 1284 859 1353; x_wconf 80' lang='lat' dir='ltr'>passus</span> <span class='ocrx_word' id='word_1_75' title='bbox 872 1285 993 1356; x_wconf 61' lang='lat' dir='ltr'>Ulyssem</span> 
     </span>
     <span class='ocr_line' id='line_1_11' title="bbox 297 1381 917 1438; baseline 0.002 -2"><span class='ocrx_word' id='word_1_76' title='bbox 297 1384 439 1438; x_wconf 88' lang='lat' dir='ltr'>Oblitusve</span> <span class='ocrx_word' id='word_1_77' title='bbox 450 1384 491 1437; x_wconf 90' lang='lat' dir='ltr'>sui</span> <span class='ocrx_word' id='word_1_78' title='bbox 501 1383 538 1436; x_wconf 85' lang='lat' dir='ltr'>est</span> <span class='ocrx_word' id='word_1_79' title='bbox 548 1384 652 1436; x_wconf 86' lang='lat' dir='ltr'>ltachus</span> <span class='ocrx_word' id='word_1_80' title='bbox 663 1381 817 1436; x_wconf 84' lang='lat' dir='ltr'>discrimine</span> <span class='ocrx_word' id='word_1_81' title='bbox 829 1398 917 1437; x_wconf 91' lang='lat' dir='ltr'>tanto.</span> 
     </span>
    </p>

    <p class='ocr_par' dir='ltr' id='par_1_5' title="bbox 238 1478 1023 1938">
     <span class='ocr_line' id='line_1_12' title="bbox 238 1478 988 1550; baseline -0.001 -15"><span class='ocrx_word' id='word_1_82' title='bbox 238 1483 369 1548; x_wconf 77' lang='lat' dir='ltr'>630Nam</span> <span class='ocrx_word' id='word_1_83' title='bbox 379 1483 454 1536; x_wconf 85' lang='lat' dir='ltr'>simul</span> <span class='ocrx_word' id='word_1_84' title='bbox 463 1483 585 1550; x_wconf 82' lang='lat' dir='ltr'>expletus</span> <span class='ocrx_word' id='word_1_85' title='bbox 598 1479 724 1548; x_wconf 78' lang='lat' dir='ltr'>dapibus,</span> <span class='ocrx_word' id='word_1_86' title='bbox 739 1478 864 1548; x_wconf 88' lang='lat' dir='ltr'>vinoque</span> <span class='ocrx_word' id='word_1_87' title='bbox 871 1480 988 1549; x_wconf 85' lang='lat' dir='ltr'>sepultus</span> 
     </span>
     <span class='ocr_line' id='line_1_13' title="bbox 296 1575 1013 1646; baseline 0.003 -17"><span class='ocrx_word' id='word_1_88' title='bbox 296 1579 436 1632; x_wconf 88' lang='lat' dir='ltr'>Cervicem</span> <span class='ocrx_word' id='word_1_89' title='bbox 447 1578 574 1637; x_wconf 78' lang='lat' dir='ltr'>inflexam</span> <span class='ocrx_word' id='word_1_90' title='bbox 585 1576 675 1645; x_wconf 77' lang='lat' dir='ltr'>posuit</span> <span class='ocrx_word' id='word_1_91' title='bbox 687 1615 695 1640; x_wconf 88' lang='lat'>,</span> <span class='ocrx_word' id='word_1_92' title='bbox 711 1575 848 1645; x_wconf 84' lang='lat' dir='ltr'>jacuitque</span> <span class='ocrx_word' id='word_1_93' title='bbox 861 1591 1013 1646; x_wconf 79' lang='lat' dir='ltr'>perannum</span> 
     </span>
     <span class='ocr_line' id='line_1_14' title="bbox 293 1673 957 1739; baseline 0 -12"><span class='ocrx_word' id='word_1_94' title='bbox 293 1676 441 1727; x_wconf 91' lang='lat' dir='ltr'>Immensus</span> <span class='ocrx_word' id='word_1_95' title='bbox 451 1716 459 1739; x_wconf 93' lang='lat'>‚</span> <span class='ocrx_word' id='word_1_96' title='bbox 470 1676 570 1730; x_wconf 91' lang='lat' dir='ltr'>saniem</span> <span class='ocrx_word' id='word_1_97' title='bbox 579 1673 700 1728; x_wconf 69' lang='lat' dir='ltr'>crucians</span> <span class='ocrx_word' id='word_1_98' title='bbox 711 1690 742 1726; x_wconf 92' lang='lat' dir='ltr'>ac</span> <span class='ocrx_word' id='word_1_99' title='bbox 750 1673 832 1727; x_wconf 85' lang='lat' dir='ltr'>frusta</span> <span class='ocrx_word' id='word_1_100' title='bbox 843 1689 957 1727; x_wconf 89' lang='lat' dir='ltr'>cruento</span> 
     </span>
     <span class='ocr_line' id='line_1_15' title="bbox 290 1748 1023 1843; baseline -0.005 -17"><span class='ocrx_word' id='word_1_101' title='bbox 290 1748 477 1826; x_wconf 70' lang='lat' dir='ltr'>Peisomnum</span> <span class='ocrx_word' id='word_1_102' title='bbox 487 1772 635 1824; x_wconf 84' lang='lat' dir='ltr'>commixta</span> <span class='ocrx_word' id='word_1_103' title='bbox 648 1788 739 1831; x_wconf 70' lang='lat' dir='ltr'>meros</span> <span class='ocrx_word' id='word_1_104' title='bbox 749 1788 802 1824; x_wconf 91' lang='lat' dir='ltr'>nos</span> <span class='ocrx_word' id='word_1_105' title='bbox 813 1811 822 1834; x_wconf 86' lang='lat'><strong>‚</strong></span> <span class='ocrx_word' id='word_1_106' title='bbox 833 1789 931 1843; x_wconf 85' lang='lat' dir='ltr'>magna</span> <span class='ocrx_word' id='word_1_107' title='bbox 940 1770 1023 1841; x_wconf 87' lang='lat' dir='ltr'>precati</span> 
     </span>
     <span class='ocr_line' id='line_1_16' title="bbox 296 1866 995 1938; baseline -0.003 -13"><span class='ocrx_word' id='word_1_108' title='bbox 296 1871 413 1925; x_wconf 88' lang='lat' dir='ltr'>Numina</span> <span class='ocrx_word' id='word_1_109' title='bbox 423 1876 436 1935; x_wconf 60' lang='lat'>‚⁴</span> <span class='ocrx_word' id='word_1_110' title='bbox 447 1867 586 1938; x_wconf 89' lang='lat' dir='ltr'>sortitique</span> <span class='ocrx_word' id='word_1_111' title='bbox 597 1868 672 1921; x_wconf 87' lang='lat' dir='ltr'>vices</span> <span class='ocrx_word' id='word_1_112' title='bbox 683 1908 691 1933; x_wconf 85' lang='lat'>‚</span> <span class='ocrx_word' id='word_1_113' title='bbox 703 1866 756 1921; x_wconf 71' lang='lat' dir='ltr'>unzi</span> <span class='ocrx_word' id='word_1_114' title='bbox 766 1870 889 1938; x_wconf 90' lang='lat' dir='ltr'>undique</span> <span class='ocrx_word' id='word_1_115' title='bbox 902 1870 995 1923; x_wconf 81' lang='lat' dir='ltr'>citcbm</span> 
     </span>
    </p>

    <p class='ocr_par' dir='ltr' id='par_1_6' title="bbox 241 1968 967 2231">
     <span class='ocr_line' id='line_1_17' title="bbox 241 1968 946 2036; baseline -0.001 -14"><span class='ocrx_word' id='word_1_116' title='bbox 241 1972 258 2022; x_wconf 85' lang='lat'>6</span> <span class='ocrx_word' id='word_1_117' title='bbox 264 1984 291 2036; x_wconf 78' lang='lat'>35</span> <span class='ocrx_word' id='word_1_118' title='bbox 302 1971 447 2023; x_wconf 87' lang='lat' dir='ltr'>Fundimut</span> <span class='ocrx_word' id='word_1_119' title='bbox 458 2008 465 2032; x_wconf 83' lang='grc'><em>,</em></span> <span class='ocrx_word' id='word_1_120' title='bbox 482 1969 509 2022; x_wconf 83' lang='lat'>&amp;</span> <span class='ocrx_word' id='word_1_121' title='bbox 518 1970 573 2021; x_wconf 89' lang='lat' dir='ltr'>telo</span> <span class='ocrx_word' id='word_1_122' title='bbox 582 1969 675 2020; x_wconf 90' lang='lat' dir='ltr'>lumen</span> <span class='ocrx_word' id='word_1_123' title='bbox 685 1968 850 2019; x_wconf 86' lang='lat' dir='ltr'>terebramus</span> <span class='ocrx_word' id='word_1_124' title='bbox 864 1984 946 2021; x_wconf 89' lang='lat' dir='ltr'>acuto</span> 
     </span>
     <span class='ocr_line' id='line_1_18' title="bbox 297 2063 967 2136; baseline 0 -18"><span class='ocrx_word' id='word_1_125' title='bbox 297 2069 393 2136; x_wconf 84' lang='lat' dir='ltr'>Ingens</span> <span class='ocrx_word' id='word_1_126' title='bbox 404 2105 412 2130; x_wconf 85' lang='lat'>‚</span> <span class='ocrx_word' id='word_1_127' title='bbox 425 2067 497 2135; x_wconf 93' lang='lat' dir='ltr'>quod</span> <span class='ocrx_word' id='word_1_128' title='bbox 505 2063 582 2117; x_wconf 73' lang='lat' dir='ltr'>torvi</span> <span class='ocrx_word' id='word_1_129' title='bbox 593 2064 680 2116; x_wconf 91' lang='lat' dir='ltr'>solum</span> <span class='ocrx_word' id='word_1_130' title='bbox 689 2064 735 2116; x_wconf 92' lang='lat' dir='ltr'>sub</span> <span class='ocrx_word' id='word_1_131' title='bbox 746 2063 836 2117; x_wconf 86' lang='lat' dir='ltr'>stonte</span> <span class='ocrx_word' id='word_1_132' title='bbox 848 2067 967 2129; x_wconf 88' lang='lat' dir='ltr'>latebat,</span> 
     </span>
     <span class='ocr_line' id='line_1_19' title="bbox 297 2161 958 2231; baseline 0.005 -18"><span class='ocrx_word' id='word_1_133' title='bbox 297 2163 417 2231; x_wconf 77' lang='lat' dir='ltr'>Argolici</span> <span class='ocrx_word' id='word_1_134' title='bbox 428 2163 517 2231; x_wconf 87' lang='lat' dir='ltr'>clypei</span> <span class='ocrx_word' id='word_1_135' title='bbox 529 2178 573 2214; x_wconf 92' lang='lat' dir='ltr'>aut</span> <span class='ocrx_word' id='word_1_136' title='bbox 582 2162 704 2214; x_wconf 84' lang='lat' dir='ltr'>Phoebeae</span> <span class='ocrx_word' id='word_1_137' title='bbox 713 2162 844 2228; x_wconf 82' lang='lat' dir='ltr'>lampadis</span> <span class='ocrx_word' id='word_1_138' title='bbox 857 2161 958 2216; x_wconf 83' lang='lat' dir='ltr'>instar:</span> 
     </span>
    </p>

    <p class='ocr_par' dir='ltr' id='par_1_7' title="bbox 298 2258 1030 2426">
     <span class='ocr_line' id='line_1_20' title="bbox 298 2258 951 2314; baseline 0.005 -3"><span class='ocrx_word' id='word_1_139' title='bbox 298 2262 331 2311; x_wconf 84' lang='lat' dir='ltr'>Et</span> <span class='ocrx_word' id='word_1_140' title='bbox 342 2260 448 2312; x_wconf 86' lang='lat' dir='ltr'>tandem</span> <span class='ocrx_word' id='word_1_141' title='bbox 460 2259 515 2312; x_wconf 84' lang='lat' dir='ltr'>laeti</span> <span class='ocrx_word' id='word_1_142' title='bbox 525 2259 660 2312; x_wconf 86' lang='lat' dir='ltr'>sociorum</span> <span class='ocrx_word' id='word_1_143' title='bbox 668 2258 820 2311; x_wconf 87' lang='lat' dir='ltr'>ulciscimur</span> <span class='ocrx_word' id='word_1_144' title='bbox 829 2263 951 2314; x_wconf 87' lang='lat' dir='ltr'>umbras.</span> 
     </span>
     <span class='ocr_line' id='line_1_21' title="bbox 298 2355 1030 2426; baseline 0.004 -17"><span class='ocrx_word' id='word_1_145' title='bbox 298 2359 350 2409; x_wconf 88' lang='lat' dir='ltr'>Sed</span> <span class='ocrx_word' id='word_1_146' title='bbox 360 2356 457 2426; x_wconf 85' lang='lat' dir='ltr'>sugite,</span> <span class='ocrx_word' id='word_1_147' title='bbox 470 2356 487 2409; x_wconf 85' lang='grc' dir='ltr'><strong>ὂ</strong></span> <span class='ocrx_word' id='word_1_148' title='bbox 498 2355 602 2420; x_wconf 83' lang='lat' dir='ltr'>miseri,</span> <span class='ocrx_word' id='word_1_149' title='bbox 615 2356 712 2426; x_wconf 83' lang='lat' dir='ltr'>sugite,</span> <span class='ocrx_word' id='word_1_150' title='bbox 724 2371 803 2425; x_wconf 90' lang='lat' dir='ltr'>atque</span> <span class='ocrx_word' id='word_1_151' title='bbox 813 2358 844 2409; x_wconf 92' lang='lat' dir='ltr'>ab</span> <span class='ocrx_word' id='word_1_152' title='bbox 854 2359 952 2414; x_wconf 89' lang='lat' dir='ltr'>littore</span> <span class='ocrx_word' id='word_1_153' title='bbox 961 2360 1030 2414; x_wconf 76' lang='lat' dir='ltr'>sunem</span> 
     </span>
    </p>

    <p class='ocr_par' dir='ltr' id='par_1_8' title="bbox 242 2454 557 2524">
     <span class='ocr_line' id='line_1_22' title="bbox 242 2454 557 2524; baseline 0.003 -19"><span class='ocrx_word' id='word_1_154' title='bbox 242 2461 296 2523; x_wconf 77' lang='lat'>640</span> <span class='ocrx_word' id='word_1_155' title='bbox 304 2454 438 2524; x_wconf 80' lang='lat' dir='ltr'>Rumpite.</span> <span class='ocrx_word' id='word_1_156' title='bbox 551 2510 557 2521; x_wconf 63' lang='lat'>.„</span> 
     </span>
    </p>

    <p class='ocr_par' dir='ltr' id='par_1_9' title="bbox 299 2549 1028 2911">
     <span class='ocr_line' id='line_1_23' title="bbox 300 2549 1028 2621; baseline 0.005 -18"><span class='ocrx_word' id='word_1_157' title='bbox 300 2553 368 2605; x_wconf 90' lang='lat' dir='ltr'>Nam</span> <span class='ocrx_word' id='word_1_158' title='bbox 377 2550 462 2621; x_wconf 87' lang='lat' dir='ltr'>qualis</span> <span class='ocrx_word' id='word_1_159' title='bbox 474 2550 637 2618; x_wconf 86' lang='lat' dir='ltr'>quantusque</span> <span class='ocrx_word' id='word_1_160' title='bbox 649 2566 716 2602; x_wconf 87' lang='lat' dir='ltr'>cavo</span> <span class='ocrx_word' id='word_1_161' title='bbox 726 2549 914 2618; x_wconf 87' lang='lat' dir='ltr'>Polyphemus</span> <span class='ocrx_word' id='word_1_162' title='bbox 925 2554 954 2606; x_wconf 91' lang='lat' dir='ltr'>in</span> <span class='ocrx_word' id='word_1_163' title='bbox 965 2568 1028 2606; x_wconf 85' lang='lat' dir='ltr'>antro</span> 
     </span>
     <span class='ocr_line' id='line_1_24' title="bbox 299 2635 999 2721; baseline 0 -17"><span class='ocrx_word' id='word_1_164' title='bbox 299 2651 440 2721; x_wconf 84' lang='lat' dir='ltr'>Lanigeras</span> <span class='ocrx_word' id='word_1_165' title='bbox 450 2646 546 2700; x_wconf 87' lang='lat' dir='ltr'>claudit</span> <span class='ocrx_word' id='word_1_166' title='bbox 555 2649 687 2714; x_wconf 87' lang='lat' dir='ltr'>pecudes,</span> <span class='ocrx_word' id='word_1_167' title='bbox 703 2661 781 2715; x_wconf 87' lang='lat' dir='ltr'>atque</span> <span class='ocrx_word' id='word_1_168' title='bbox 789 2635 874 2701; x_wconf 66' lang='lat' dir='ltr'>&#39;ubera</span> <span class='ocrx_word' id='word_1_169' title='bbox 887 2651 999 2719; x_wconf 61' lang='lat' dir='ltr'>pressam</span> 
     </span>
     <span class='ocr_line' id='line_1_25' title="bbox 300 2744 996 2818; baseline 0.004 -20"><span class='ocrx_word' id='word_1_170' title='bbox 300 2749 416 2801; x_wconf 81' lang='lat' dir='ltr'>Centum</span> <span class='ocrx_word' id='word_1_171' title='bbox 425 2747 471 2799; x_wconf 89' lang='lat' dir='ltr'>alii</span> <span class='ocrx_word' id='word_1_172' title='bbox 482 2763 565 2798; x_wconf 85' lang='lat' dir='ltr'>curva</span> <span class='ocrx_word' id='word_1_173' title='bbox 575 2745 632 2796; x_wconf 81' lang='lat' dir='ltr'>haec</span> <span class='ocrx_word' id='word_1_174' title='bbox 641 2744 758 2797; x_wconf 86' lang='lat' dir='ltr'>habitant</span> <span class='ocrx_word' id='word_1_175' title='bbox 767 2745 800 2796; x_wconf 90' lang='lat' dir='ltr'>ad</span> <span class='ocrx_word' id='word_1_176' title='bbox 808 2744 905 2799; x_wconf 88' lang='lat' dir='ltr'>littora</span> <span class='ocrx_word' id='word_1_177' title='bbox 912 2748 996 2818; x_wconf 77' lang='lat' dir='ltr'>vulgo</span> 
     </span>
     <span class='ocr_line' id='line_1_26' title="bbox 300 2840 940 2911; baseline 0.005 -15"><span class='ocrx_word' id='word_1_178' title='bbox 300 2842 404 2896; x_wconf 79' lang='lat' dir='ltr'>lnsnndi</span> <span class='ocrx_word' id='word_1_179' title='bbox 414 2842 567 2911; x_wconf 82' lang='lat' dir='ltr'>Cyclopes,</span> <span class='ocrx_word' id='word_1_180' title='bbox 583 2840 679 2893; x_wconf 87' lang='lat' dir='ltr'>&amp;altis</span> <span class='ocrx_word' id='word_1_181' title='bbox 691 2840 826 2894; x_wconf 87' lang='lat' dir='ltr'>montibus</span> <span class='ocrx_word' id='word_1_182' title='bbox 837 2858 940 2900; x_wconf 86' lang='lat' dir='ltr'>errant.</span> 
     </span>
    </p>

    <p class='ocr_par' dir='ltr' id='par_1_10' title="bbox 243 2937 972 3105">
     <span class='ocr_line' id='line_1_27' title="bbox 243 2937 972 3020; baseline 0.001 -26"><span class='ocrx_word' id='word_1_183' title='bbox 243 2955 294 3020; x_wconf 76' lang='lat'>645</span> <span class='ocrx_word' id='word_1_184' title='bbox 306 2940 396 2994; x_wconf 91' lang='lat' dir='ltr'>Tertia</span> <span class='ocrx_word' id='word_1_185' title='bbox 406 2937 459 3004; x_wconf 83' lang='lat' dir='ltr'>jam</span> <span class='ocrx_word' id='word_1_186' title='bbox 468 2938 548 2990; x_wconf 85' lang='lat' dir='ltr'>Lunae</span> <span class='ocrx_word' id='word_1_187' title='bbox 558 2938 585 2990; x_wconf 87' lang='lat' dir='ltr'>se</span> <span class='ocrx_word' id='word_1_188' title='bbox 594 2954 693 2990; x_wconf 83' lang='lat' dir='ltr'>cornua</span> <span class='ocrx_word' id='word_1_189' title='bbox 702 2937 803 2991; x_wconf 87' lang='lat' dir='ltr'>lumine</span> <span class='ocrx_word' id='word_1_190' title='bbox 813 2944 954 3010; x_wconf 87' lang='lat' dir='ltr'>complent</span> <span class='ocrx_word' id='word_1_191' title='bbox 964 2983 972 3008; x_wconf 92' lang='lat'>,</span> 
     </span>
     <span class='ocr_line' id='line_1_28' title="bbox 303 3034 934 3105; baseline -0.005 -9"><span class='ocrx_word' id='word_1_192' title='bbox 303 3040 372 3096; x_wconf 75' lang='lat' dir='ltr'>Cum</span> <span class='ocrx_word' id='word_1_193' title='bbox 380 3036 465 3092; x_wconf 78' lang='lat' dir='ltr'>vitam</span> <span class='ocrx_word' id='word_1_194' title='bbox 474 3034 503 3088; x_wconf 91' lang='lat' dir='ltr'>in</span> <span class='ocrx_word' id='word_1_195' title='bbox 513 3035 597 3105; x_wconf 85' lang='lat' dir='ltr'>sylvis</span> <span class='ocrx_word' id='word_1_196' title='bbox 609 3073 617 3100; x_wconf 93' lang='lat'>,</span> <span class='ocrx_word' id='word_1_197' title='bbox 630 3034 699 3090; x_wconf 85' lang='lat' dir='ltr'>inter</span> <span class='ocrx_word' id='word_1_198' title='bbox 707 3036 806 3090; x_wconf 84' lang='lat' dir='ltr'>deserta</span> <span class='ocrx_word' id='word_1_199' title='bbox 814 3037 934 3093; x_wconf 84' lang='lat' dir='ltr'>serarum</span> 
     </span>
    </p>
   </div>
   <div class='ocr_carea' id='block_1_3' title="bbox 0 0 1268 3934">
    <p class='ocr_par' dir='ltr' id='par_1_11' title="bbox 0 0 1268 3934">
     <span class='ocr_line' id='line_1_29' title="bbox 0 0 1268 3934; baseline 0 0"><span class='ocrx_word' id='word_1_200' title='bbox 0 0 1268 3934; x_wconf 95' lang='lat' dir='ltr'> </span> 
     </span>
    </p>
   </div>
  </div>
 </body>
</html>
