2525 3934
440 353 716 438 Eczocr
767 357 845 441 Vl.
952 390 997 469 25

236 516 275 571 Et
291 521 469 573 fortunatam
485 558 494 583 ‚
512 519 532 572 si
547 536 692 588 numquam
707 536 825 575 armenta
838 518 960 586 strident,
1023 534 1056 583 45

237 614 398 685 Pasiphaen
408 616 487 669 nivei
499 617 599 669 solatur
609 632 701 669 amore
711 614 828 681 juvenci.

239 714 290 765 Ah
305 717 312 766 !
330 713 414 782 virgo
426 710 523 764 infelix
535 750 543 775 ‚
559 728 619 780 quae
630 725 657 763 te
669 712 800 764 dementia
808 712 893 781 cepit!

239 808 383 862 Proetides
394 808 542 876 implerunt
550 809 619 862 saliis
629 809 773 878 mugitibus
781 826 874 880 agros:

236 909 278 959 At
292 923 356 959 non
368 921 426 958 tam
438 919 530 972 turpes
542 908 672 974 pecudum
684 920 773 958 tamen
782 909 835 959 ulla
845 906 932 959 secuta
942 905 980 959 est

237 1001 421 1056 Concuhinu
434 1019 442 1053 ε
455 1001 578 1069 quamvis
590 1003 664 1053 collo
678 1000 804 1055 timuiffet
814 1016 944 1061 aratrum,
1023 1014 1056 1069 50

235 1098 273 1152 Et
291 1099 370 1166 saepe
387 1097 417 1148 in
431 1096 487 1148 levi
498 1096 624 1165 quaefiffet
633 1113 731 1149 cornua
739 1096 837 1152 moute

237 1196 289 1247 Ah
302 1199 310 1246 ¹.
323 1193 409 1262 virgo
420 1191 514 1245 infelix
524 1229 532 1254 ,
546 1206 576 1243 tu
587 1208 657 1243 nunc
668 1192 698 1243 in
707 1193 844 1246 montibus
853 1208 923 1247 aas
932 1211 942 1247 a

237 1290 296 1343 Ille
312 1292 384 1341 latus
397 1288 507 1340 niveum
518 1287 594 1339 molli
605 1286 686 1339 fultus
697 1286 862 1357 hyacintho,

237 1388 313 1440 llice
327 1386 377 1438 sub
390 1385 464 1453 nigra
474 1386 602 1452 pallentes
612 1381 846 1435 ruminatherbas:
1020 1398 1053 1447 54

237 1488 300 1536 Aut
309 1482 426 1549 aliquam
432 1480 460 1531 in
467 1494 564 1547 magno
571 1477 687 1545 sequitur
692 1478 1043 1550 grege.Claudite,Nyrr.plrae

238 1579 381 1639 Diem,
391 1576 524 1644 Nymphae
534 1589 674 1625 nemorum
681 1570 734 1637 jam
742 1575 853 1627 claudite
861 1574 940 1629 saltus
950 1594 958 1629 t

237 1677 272 1729 Si
286 1673 344 1744 qui
356 1669 428 1725 fortd
436 1672 519 1723 ferant
529 1667 613 1721 oculis
623 1666 677 1719 sese
686 1669 765 1721 obvia
774 1668 869 1723 nothis

238 1769 403 1826 Errabunda
411 1765 489 1821 bovis
498 1765 616 1834 vestigia.
629 1764 745 1817 Forsitan
754 1765 843 1828 illum.

238 1873 301 1922 Aut
315 1865 398 1919 herbd
408 1879 514 1933 captum
522 1863 623 1926 viridi,
639 1876 683 1915 aut
694 1878 811 1915 armenta
821 1864 957 1927 t'tcutmn,

239 1964 399 2019 Perducant
408 1960 501 2030 aliquae
510 1958 605 2011 stabula
615 1960 647 2010 ad
657 1957 792 2028 Gortynia
803 1975 899 2013 vacce.
1013 1961 1049 2013 60

240 2063 322 2115 Tum
334 2058 407 2112 cauit
416 2055 590 2125 Hesperidum
601 2055 721 2107 miratam
730 2056 797 2107 mala
806 2058 937 2125 puellam:

239 2158 324 2212 Tum
335 2154 533 2207 Phaetontiadas
544 2153 632 2217 musco
642 2153 784 2206 circumdat
792 2170 884 2217 amau

242 2250 391 2311 corticis,
408 2262 484 2317 atque
494 2250 551 2303 solo
561 2264 683 2317 proceras
696 2249 775 2318 erigit
786 2251 870 2304 alnos.

283 2349 360 2402 Tum
370 2346 441 2398 canit
450 2361 578 2398 errantem
589 2343 710 2397 Permeffi
722 2347 754 2396 ad
761 2344 871 2397 flumina
881 2345 989 2400 Gallum

242 2451 340 2501 Aonas
354 2445 383 2496 in
392 2458 496 2495 montes
507 2456 537 2494 ut
546 2440 859 2501 duxeritunasororum
1009 2446 1041 2509 65

243 2547 339 2614 thue
350 2541 413 2594 vito
425 2539 518 2592 Phoebi
529 2539 624 2589 chorus
636 2535 802 2588 affurrexerit
809 2536 897 2591 omnia
908 2556 916 2590 a

241 2642 283 2696 Ut
296 2640 382 2691 Linus
393 2638 449 2688 haec
461 2635 501 2687 illi
513 2633 605 2687 divino
617 2634 733 2685 carmine
744 2630 844 2700 pastor,

240 2736 368 2792 Floribus
379 2750 459 2802 atque
469 2732 532 2800 apio
543 2731 627 2785 crines
639 2744 746 2781 ornatus
758 2744 864 2792 amaro,

242 2832 375 2888 Dixerit:
386 2832 445 2884 Hos
456 2829 505 2883 tibi
514 2831 575 2881 dant
583 2830 716 2891 calamos,
728 2842 763 2878 eu
771 2826 873 2895 accipe,
883 2824 986 2886 Musa,

242 2933 353 2985 Ascraeo
365 2924 589 2996 quosanteseni3
604 2924 699 2994 quibus
708 2922 754 2975 ille
763 2921 862 2975 solebat
904 2910 908 2917 ’
1006 2939 1044 2985 70

241 3026 385 3084 cantando
397 3022 494 3091 rigidas
504 3022 629 3077 deducere
640 3017 776 3076 mentibus
785 3032 877 3072 omos.

320 3122 407 3176 Tamus
427 3118 452 3176 l.
853 3110 874 3164 B
