<?xml version="1.0" encoding="UTF-8"?>
<!DOCTYPE html PUBLIC "-//W3C//DTD XHTML 1.0 Transitional//EN"
    "http://www.w3.org/TR/xhtml1/DTD/xhtml1-transitional.dtd">
<html xmlns="http://www.w3.org/1999/xhtml" xml:lang="en" lang="en">
 <head>
  <title>
</title>
<meta http-equiv="Content-Type" content="text/html;charset=utf-8" />
  <meta name='ocr-system' content='tesseract 3.04.00' />
  <meta name='ocr-capabilities' content='ocr_page ocr_carea ocr_par ocr_line ocrx_word'/>
</head>
<body>
  <div class='ocr_page' id='page_1' title='image "./publiivirgiliim01vegigoog_0110.png"; bbox 0 0 2525 3934; ppageno 0'>
   <div class='ocr_carea' id='block_1_1' title="bbox 201 388 872 477">
    <p class='ocr_par' dir='ltr' id='par_1_1' title="bbox 201 388 872 477">
     <span class='ocr_line' id='line_1_1' title="bbox 201 388 872 477; baseline -0.001 0"><span class='ocrx_word' id='word_1_1' title='bbox 201 429 204 436; x_wconf 94' lang='lat'>·</span> <span class='ocrx_word' id='word_1_2' title='bbox 310 397 363 477; x_wconf 89' lang='lat'>62</span> <span class='ocrx_word' id='word_1_3' title='bbox 452 388 872 476; x_wconf 71' lang='lat' dir='ltr'>Groucrcon</span> 
     </span>
    </p>
   </div>
   <div class='ocr_carea' id='block_1_2' title="bbox 206 547 1030 3154">
    <p class='ocr_par' dir='ltr' id='par_1_2' title="bbox 206 547 1030 3154">
     <span class='ocr_line' id='line_1_2' title="bbox 226 547 1030 637; baseline -0.005 -17"><span class='ocrx_word' id='word_1_4' title='bbox 226 591 229 595; x_wconf 65' lang='grc'>’</span> <span class='ocrx_word' id='word_1_5' title='bbox 309 547 504 637; x_wconf 78' lang='lat' dir='ltr'>Aiboribusque</span> <span class='ocrx_word' id='word_1_6' title='bbox 520 565 633 634; x_wconf 85' lang='lat' dir='ltr'>satisque</span> <span class='ocrx_word' id='word_1_7' title='bbox 650 568 738 618; x_wconf 86' lang='lat' dir='ltr'>Notus</span> <span class='ocrx_word' id='word_1_8' title='bbox 754 603 762 629; x_wconf 84' lang='grc'><em>,</em></span> <span class='ocrx_word' id='word_1_9' title='bbox 781 564 926 634; x_wconf 80' lang='lat' dir='ltr'>pecorique</span> <span class='ocrx_word' id='word_1_10' title='bbox 942 561 1030 616; x_wconf 68' lang='lat' dir='ltr'>sinister</span> 
     </span>
     <span class='ocr_line' id='line_1_3' title="bbox 248 661 915 727; baseline -0.004 -12"><span class='ocrx_word' id='word_1_11' title='bbox 248 667 300 727; x_wconf 88' lang='grc'><strong>’445</strong></span> <span class='ocrx_word' id='word_1_12' title='bbox 309 665 363 716; x_wconf 84' lang='lat' dir='ltr'>Aut</span> <span class='ocrx_word' id='word_1_13' title='bbox 377 665 422 716; x_wconf 89' lang='lat' dir='ltr'>ubi</span> <span class='ocrx_word' id='word_1_14' title='bbox 436 663 481 716; x_wconf 86' lang='lat' dir='ltr'>sub</span> <span class='ocrx_word' id='word_1_15' title='bbox 495 665 581 715; x_wconf 87' lang='lat' dir='ltr'>lucem</span> <span class='ocrx_word' id='word_1_16' title='bbox 593 663 670 713; x_wconf 85' lang='lat' dir='ltr'>densa</span> <span class='ocrx_word' id='word_1_17' title='bbox 682 661 752 717; x_wconf 86' lang='lat' dir='ltr'>inter</span> <span class='ocrx_word' id='word_1_18' title='bbox 760 662 848 713; x_wconf 86' lang='lat' dir='ltr'>nubila</span> <span class='ocrx_word' id='word_1_19' title='bbox 860 663 915 714; x_wconf 88' lang='lat' dir='ltr'>sese</span> 
     </span>
     <span class='ocr_line' id='line_1_4' title="bbox 305 758 990 836; baseline 0.001 -26"><span class='ocrx_word' id='word_1_20' title='bbox 305 759 412 811; x_wconf 85' lang='lat' dir='ltr'>Diverfi</span> <span class='ocrx_word' id='word_1_21' title='bbox 423 772 562 836; x_wconf 84' lang='lat' dir='ltr'>erumpent</span> <span class='ocrx_word' id='word_1_22' title='bbox 573 758 639 810; x_wconf 82' lang='lat' dir='ltr'>radii</span> <span class='ocrx_word' id='word_1_23' title='bbox 652 796 661 821; x_wconf 81' lang='grc'>,</span> <span class='ocrx_word' id='word_1_24' title='bbox 679 774 723 809; x_wconf 85' lang='lat' dir='ltr'>aut</span> <span class='ocrx_word' id='word_1_25' title='bbox 733 759 778 810; x_wconf 87' lang='lat' dir='ltr'>ubi</span> <span class='ocrx_word' id='word_1_26' title='bbox 791 760 887 826; x_wconf 79' lang='lat' dir='ltr'>pallida</span> <span class='ocrx_word' id='word_1_27' title='bbox 900 759 990 829; x_wconf 83' lang='lat' dir='ltr'>surget</span> 
     </span>
     <span class='ocr_line' id='line_1_5' title="bbox 305 856 925 926; baseline 0.003 -19"><span class='ocrx_word' id='word_1_28' title='bbox 305 856 418 908; x_wconf 88' lang='lat' dir='ltr'>Tithoni</span> <span class='ocrx_word' id='word_1_29' title='bbox 430 874 554 910; x_wconf 89' lang='lat' dir='ltr'>croceum</span> <span class='ocrx_word' id='word_1_30' title='bbox 567 857 693 926; x_wconf 84' lang='lat' dir='ltr'>linquens</span> <span class='ocrx_word' id='word_1_31' title='bbox 708 873 801 910; x_wconf 88' lang='lat' dir='ltr'>aurora</span> <span class='ocrx_word' id='word_1_32' title='bbox 817 857 902 909; x_wconf 83' lang='lat' dir='ltr'>cubile</span> <span class='ocrx_word' id='word_1_33' title='bbox 915 876 925 917; x_wconf 89' lang='lat'>·‚</span> 
     </span>
     <span class='ocr_line' id='line_1_6' title="bbox 305 946 1006 1022; baseline 0.003 -17"><span class='ocrx_word' id='word_1_34' title='bbox 305 953 384 1007; x_wconf 86' lang='lat' dir='ltr'>Heu!</span> <span class='ocrx_word' id='word_1_35' title='bbox 398 956 466 1006; x_wconf 88' lang='lat' dir='ltr'>male</span> <span class='ocrx_word' id='word_1_36' title='bbox 478 969 535 1006; x_wconf 89' lang='lat' dir='ltr'>tum</span> <span class='ocrx_word' id='word_1_37' title='bbox 547 955 625 1007; x_wconf 89' lang='lat' dir='ltr'>mites</span> <span class='ocrx_word' id='word_1_38' title='bbox 639 956 759 1007; x_wconf 84' lang='lat' dir='ltr'>defendet</span> <span class='ocrx_word' id='word_1_39' title='bbox 770 951 911 1022; x_wconf 81' lang='lat' dir='ltr'><strong>pampinus</strong></span> <span class='ocrx_word' id='word_1_40' title='bbox 923 946 1006 1017; x_wconf 62' lang='lat' dir='ltr'>uuas,</span> 
     </span>
     <span class='ocr_line' id='line_1_7' title="bbox 310 1050 1030 1119; baseline 0 -17"><span class='ocrx_word' id='word_1_41' title='bbox 310 1050 378 1102; x_wconf 81' lang='lat' dir='ltr'>Tam</span> <span class='ocrx_word' id='word_1_42' title='bbox 393 1053 475 1103; x_wconf 87' lang='lat' dir='ltr'>multa</span> <span class='ocrx_word' id='word_1_43' title='bbox 487 1051 517 1104; x_wconf 91' lang='lat' dir='ltr'>in</span> <span class='ocrx_word' id='word_1_44' title='bbox 526 1051 601 1103; x_wconf 72' lang='lat' dir='ltr'>renis</span> <span class='ocrx_word' id='word_1_45' title='bbox 613 1050 745 1118; x_wconf 84' lang='lat' dir='ltr'>crepitans</span> <span class='ocrx_word' id='word_1_46' title='bbox 755 1050 814 1102; x_wconf 83' lang='lat' dir='ltr'>salit</span> <span class='ocrx_word' id='word_1_47' title='bbox 824 1050 931 1101; x_wconf 77' lang='lat' dir='ltr'>horrida</span> <span class='ocrx_word' id='word_1_48' title='bbox 941 1051 1030 1119; x_wconf 78' lang='lat' dir='ltr'>grandr</span> 
     </span>
     <span class='ocr_line' id='line_1_8' title="bbox 246 1147 1016 1216; baseline 0.004 -20"><span class='ocrx_word' id='word_1_49' title='bbox 246 1149 369 1210; x_wconf 82' lang='lat' dir='ltr'>450Hoc</span> <span class='ocrx_word' id='word_1_50' title='bbox 384 1149 482 1213; x_wconf 82' lang='lat' dir='ltr'>etiam,</span> <span class='ocrx_word' id='word_1_51' title='bbox 494 1150 601 1202; x_wconf 87' lang='lat' dir='ltr'>emenso</span> <span class='ocrx_word' id='word_1_52' title='bbox 617 1149 677 1201; x_wconf 74' lang='lat' dir='ltr'>cum</span> <span class='ocrx_word' id='word_1_53' title='bbox 687 1147 740 1214; x_wconf 83' lang='lat' dir='ltr'>jam</span> <span class='ocrx_word' id='word_1_54' title='bbox 754 1149 861 1200; x_wconf 87' lang='lat' dir='ltr'>decedet</span> <span class='ocrx_word' id='word_1_55' title='bbox 873 1147 1016 1216; x_wconf 73' lang='lat' dir='ltr'>Olympo,</span> 
     </span>
     <span class='ocr_line' id='line_1_9' title="bbox 303 1244 1016 1315; baseline -0.004 -17"><span class='ocrx_word' id='word_1_56' title='bbox 303 1244 435 1298; x_wconf 90' lang='lat' dir='ltr'>Profuerit</span> <span class='ocrx_word' id='word_1_57' title='bbox 450 1245 597 1298; x_wconf 79' lang='lat' dir='ltr'>meminisse</span> <span class='ocrx_word' id='word_1_58' title='bbox 612 1245 716 1315; x_wconf 84' lang='lat' dir='ltr'>magis:</span> <span class='ocrx_word' id='word_1_59' title='bbox 733 1262 794 1297; x_wconf 87' lang='lat' dir='ltr'>narn</span> <span class='ocrx_word' id='word_1_60' title='bbox 809 1246 877 1313; x_wconf 83' lang='lat' dir='ltr'>saepe</span> <span class='ocrx_word' id='word_1_61' title='bbox 888 1244 1016 1296; x_wconf 75' lang='lat' dir='ltr'>videmus</span> 
     </span>
     <span class='ocr_line' id='line_1_10' title="bbox 302 1341 864 1410; baseline 0.002 -16"><span class='ocrx_word' id='word_1_62' title='bbox 302 1341 385 1410; x_wconf 78' lang='lat' dir='ltr'>Ipsius</span> <span class='ocrx_word' id='word_1_63' title='bbox 403 1342 433 1394; x_wconf 92' lang='lat' dir='ltr'>in</span> <span class='ocrx_word' id='word_1_64' title='bbox 450 1344 528 1394; x_wconf 87' lang='lat' dir='ltr'>vultu</span> <span class='ocrx_word' id='word_1_65' title='bbox 542 1342 634 1394; x_wconf 78' lang='lat' dir='ltr'>varios</span> <span class='ocrx_word' id='word_1_66' title='bbox 649 1358 734 1395; x_wconf 85' lang='lat' dir='ltr'>errare</span> <span class='ocrx_word' id='word_1_67' title='bbox 749 1344 864 1395; x_wconf 85' lang='lat' dir='ltr'>colores.</span> 
     </span>
     <span class='ocr_line' id='line_1_11' title="bbox 303 1438 948 1508; baseline 0.006 -19"><span class='ocrx_word' id='word_1_68' title='bbox 303 1438 444 1492; x_wconf 81' lang='lat' dir='ltr'>Coendeus</span> <span class='ocrx_word' id='word_1_69' title='bbox 461 1439 583 1507; x_wconf 82' lang='lat' dir='ltr'>pluviam</span> <span class='ocrx_word' id='word_1_70' title='bbox 594 1440 731 1491; x_wconf 85' lang='lat' dir='ltr'>denuntiat</span> <span class='ocrx_word' id='word_1_71' title='bbox 742 1438 834 1508; x_wconf 84' lang='lat' dir='ltr'>igneus</span> <span class='ocrx_word' id='word_1_72' title='bbox 851 1441 948 1493; x_wconf 80' lang='lat' dir='ltr'><strong>Euros.</strong></span> 
     </span>
     <span class='ocr_line' id='line_1_12' title="bbox 305 1533 1001 1605; baseline 0.003 -19"><span class='ocrx_word' id='word_1_73' title='bbox 305 1535 354 1587; x_wconf 87' lang='lat' dir='ltr'>Sin</span> <span class='ocrx_word' id='word_1_74' title='bbox 369 1537 477 1589; x_wconf 71' lang='lat' dir='ltr'>macule</span> <span class='ocrx_word' id='word_1_75' title='bbox 493 1533 621 1602; x_wconf 85' lang='lat' dir='ltr'>incipient</span> <span class='ocrx_word' id='word_1_76' title='bbox 637 1535 720 1588; x_wconf 87' lang='lat' dir='ltr'>rutilo</span> <span class='ocrx_word' id='word_1_77' title='bbox 734 1535 906 1588; x_wconf 87' lang='lat' dir='ltr'>immiscerier</span> <span class='ocrx_word' id='word_1_78' title='bbox 921 1535 1001 1605; x_wconf 83' lang='lat' dir='ltr'>igni,</span> 
     </span>
     <span class='ocr_line' id='line_1_13' title="bbox 243 1631 967 1700; baseline 0 -16"><span class='ocrx_word' id='word_1_79' title='bbox 243 1636 295 1697; x_wconf 53' lang='grc' dir='ltr'>Ι1555</span> <span class='ocrx_word' id='word_1_80' title='bbox 307 1631 406 1684; x_wconf 85' lang='lat' dir='ltr'>Omnia</span> <span class='ocrx_word' id='word_1_81' title='bbox 418 1646 480 1684; x_wconf 88' lang='lat' dir='ltr'>tunc</span> <span class='ocrx_word' id='word_1_82' title='bbox 489 1631 586 1698; x_wconf 83' lang='lat' dir='ltr'>paritet</span> <span class='ocrx_word' id='word_1_83' title='bbox 600 1645 685 1683; x_wconf 86' lang='lat' dir='ltr'>vento</span> <span class='ocrx_word' id='word_1_84' title='bbox 700 1631 846 1700; x_wconf 82' lang='lat' dir='ltr'>nimbisque</span> <span class='ocrx_word' id='word_1_85' title='bbox 861 1632 967 1685; x_wconf 88' lang='lat' dir='ltr'>videbis</span> 
     </span>
     <span class='ocr_line' id='line_1_14' title="bbox 302 1725 1030 1797; baseline 0.005 -18"><span class='ocrx_word' id='word_1_86' title='bbox 302 1728 415 1779; x_wconf 87' lang='lat' dir='ltr'>Fervere</span> <span class='ocrx_word' id='word_1_87' title='bbox 430 1745 438 1778; x_wconf 76' lang='lat' dir='ltr'>t</span> <span class='ocrx_word' id='word_1_88' title='bbox 454 1743 511 1779; x_wconf 89' lang='lat' dir='ltr'>non</span> <span class='ocrx_word' id='word_1_89' title='bbox 526 1725 572 1778; x_wconf 75' lang='lat' dir='ltr'>illd</span> <span class='ocrx_word' id='word_1_90' title='bbox 586 1727 724 1796; x_wconf 80' lang='lat' dir='ltr'>quisquam</span> <span class='ocrx_word' id='word_1_91' title='bbox 739 1745 782 1780; x_wconf 90' lang='lat' dir='ltr'>me</span> <span class='ocrx_word' id='word_1_92' title='bbox 798 1728 876 1780; x_wconf 67' lang='lat' dir='ltr'>nocie</span> <span class='ocrx_word' id='word_1_93' title='bbox 888 1745 935 1797; x_wconf 88' lang='lat' dir='ltr'>per</span> <span class='ocrx_word' id='word_1_94' title='bbox 947 1733 1030 1783; x_wconf 87' lang='lat' dir='ltr'>altum</span> 
     </span>
     <span class='ocr_line' id='line_1_15' title="bbox 276 1825 988 1893; baseline 0.004 -17"><span class='ocrx_word' id='word_1_95' title='bbox 276 1830 279 1836; x_wconf 89' lang='lat'>&#39;</span> <span class='ocrx_word' id='word_1_96' title='bbox 299 1825 360 1888; x_wconf 81' lang='lat' dir='ltr'>Ite,</span> <span class='ocrx_word' id='word_1_97' title='bbox 375 1839 461 1893; x_wconf 90' lang='lat' dir='ltr'>neque</span> <span class='ocrx_word' id='word_1_98' title='bbox 476 1840 491 1875; x_wconf 83' lang='lat' dir='ltr'>a</span> <span class='ocrx_word' id='word_1_99' title='bbox 507 1838 575 1874; x_wconf 82' lang='lat' dir='ltr'>tetra</span> <span class='ocrx_word' id='word_1_100' title='bbox 591 1838 699 1874; x_wconf 85' lang='lat' dir='ltr'>moneat</span> <span class='ocrx_word' id='word_1_101' title='bbox 714 1826 866 1876; x_wconf 86' lang='lat' dir='ltr'>convellere</span> <span class='ocrx_word' id='word_1_102' title='bbox 885 1827 988 1879; x_wconf 83' lang='lat' dir='ltr'>funem.</span> 
     </span>
     <span class='ocr_line' id='line_1_16' title="bbox 300 1919 1014 1989; baseline 0.003 -17"><span class='ocrx_word' id='word_1_103' title='bbox 300 1921 336 1972; x_wconf 83' lang='lat' dir='ltr'>At</span> <span class='ocrx_word' id='word_1_104' title='bbox 346 1919 379 1984; x_wconf 85' lang='lat' dir='ltr'>fi,</span> <span class='ocrx_word' id='word_1_105' title='bbox 390 1919 450 1973; x_wconf 84' lang='lat' dir='ltr'>edm</span> <span class='ocrx_word' id='word_1_106' title='bbox 459 1919 605 1988; x_wconf 86' lang='lat' dir='ltr'>referetque</span> <span class='ocrx_word' id='word_1_107' title='bbox 618 1919 706 1984; x_wconf 89' lang='lat' dir='ltr'>diem,</span> <span class='ocrx_word' id='word_1_108' title='bbox 720 1922 869 1989; x_wconf 89' lang='lat' dir='ltr'>condetque</span> <span class='ocrx_word' id='word_1_109' title='bbox 879 1924 1014 1988; x_wconf 79' lang='lat' dir='ltr'>relatum,</span> 
     </span>
     <span class='ocr_line' id='line_1_17' title="bbox 301 2016 985 2084; baseline 0.003 -15"><span class='ocrx_word' id='word_1_110' title='bbox 301 2016 418 2070; x_wconf 87' lang='lat' dir='ltr'>Lucidus</span> <span class='ocrx_word' id='word_1_111' title='bbox 435 2017 506 2071; x_wconf 86' lang='lat' dir='ltr'>orbis</span> <span class='ocrx_word' id='word_1_112' title='bbox 525 2017 596 2077; x_wconf 73' lang='lat' dir='ltr'>erit‘,</span> <span class='ocrx_word' id='word_1_113' title='bbox 610 2016 700 2070; x_wconf 81' lang='lat' dir='ltr'>frustra</span> <span class='ocrx_word' id='word_1_114' title='bbox 715 2019 845 2069; x_wconf 86' lang='lat' dir='ltr'>terrebere</span> <span class='ocrx_word' id='word_1_115' title='bbox 864 2018 985 2084; x_wconf 75' lang='lat' dir='ltr'>nimbis,</span> 
     </span>
     <span class='ocr_line' id='line_1_18' title="bbox 243 2112 892 2184; baseline -0.005 -13"><span class='ocrx_word' id='word_1_116' title='bbox 243 2116 297 2179; x_wconf 86' lang='lat'>460</span> <span class='ocrx_word' id='word_1_117' title='bbox 303 2114 335 2165; x_wconf 87' lang='lat' dir='ltr'>Et</span> <span class='ocrx_word' id='word_1_118' title='bbox 346 2116 417 2166; x_wconf 86' lang='lat' dir='ltr'>claro</span> <span class='ocrx_word' id='word_1_119' title='bbox 428 2114 517 2184; x_wconf 84' lang='lat' dir='ltr'>sylvas</span> <span class='ocrx_word' id='word_1_120' title='bbox 527 2130 617 2166; x_wconf 88' lang='lat' dir='ltr'>cemes</span> <span class='ocrx_word' id='word_1_121' title='bbox 629 2112 763 2181; x_wconf 83' lang='lat' dir='ltr'>Aquilone</span> <span class='ocrx_word' id='word_1_122' title='bbox 775 2115 892 2168; x_wconf 82' lang='lat' dir='ltr'>moveri.</span> 
     </span>
     <span class='ocr_line' id='line_1_19' title="bbox 302 2210 1023 2280; baseline 0.008 -18"><span class='ocrx_word' id='word_1_123' title='bbox 302 2210 428 2280; x_wconf 89' lang='lat' dir='ltr'>Denique</span> <span class='ocrx_word' id='word_1_124' title='bbox 438 2210 502 2279; x_wconf 89' lang='lat' dir='ltr'>quid</span> <span class='ocrx_word' id='word_1_125' title='bbox 512 2211 615 2278; x_wconf 81' lang='lat' dir='ltr'>Vesper</span> <span class='ocrx_word' id='word_1_126' title='bbox 630 2210 701 2262; x_wconf 83' lang='lat' dir='ltr'>serus</span> <span class='ocrx_word' id='word_1_127' title='bbox 715 2210 813 2274; x_wconf 78' lang='lat' dir='ltr'>vehat,</span> <span class='ocrx_word' id='word_1_128' title='bbox 832 2213 902 2264; x_wconf 88' lang='lat' dir='ltr'>unde</span> <span class='ocrx_word' id='word_1_129' title='bbox 915 2212 1023 2268; x_wconf 82' lang='lat' dir='ltr'>serenas</span> 
     </span>
     <span class='ocr_line' id='line_1_20' title="bbox 206 2307 1029 2382; baseline 0.006 -22"><span class='ocrx_word' id='word_1_130' title='bbox 206 2376 208 2382; x_wconf 18' lang='lat' dir='ltr'>y</span> <span class='ocrx_word' id='word_1_131' title='bbox 298 2308 404 2361; x_wconf 84' lang='lat' dir='ltr'>Ventus</span> <span class='ocrx_word' id='word_1_132' title='bbox 415 2321 474 2375; x_wconf 80' lang='lat' dir='ltr'>agat</span> <span class='ocrx_word' id='word_1_133' title='bbox 487 2307 589 2370; x_wconf 89' lang='lat' dir='ltr'>nubes,</span> <span class='ocrx_word' id='word_1_134' title='bbox 606 2307 670 2374; x_wconf 88' lang='lat' dir='ltr'>quid</span> <span class='ocrx_word' id='word_1_135' title='bbox 685 2307 784 2376; x_wconf 84' lang='lat' dir='ltr'>cogitet</span> <span class='ocrx_word' id='word_1_136' title='bbox 799 2308 922 2361; x_wconf 89' lang='lat' dir='ltr'>humidus</span> <span class='ocrx_word' id='word_1_137' title='bbox 934 2312 1029 2365; x_wconf 84' lang='lat' dir='ltr'>Auster</span> 
     </span>
     <span class='ocr_line' id='line_1_21' title="bbox 298 2403 959 2473; baseline 0.002 -16"><span class='ocrx_word' id='word_1_138' title='bbox 298 2406 345 2458; x_wconf 88' lang='lat' dir='ltr'>Sol</span> <span class='ocrx_word' id='word_1_139' title='bbox 357 2404 406 2456; x_wconf 90' lang='lat' dir='ltr'>tibi</span> <span class='ocrx_word' id='word_1_140' title='bbox 417 2404 487 2473; x_wconf 73' lang='lat' dir='ltr'>signa</span> <span class='ocrx_word' id='word_1_141' title='bbox 502 2403 580 2456; x_wconf 82' lang='lat' dir='ltr'>dabit.</span> <span class='ocrx_word' id='word_1_142' title='bbox 593 2404 684 2456; x_wconf 89' lang='lat' dir='ltr'>Solem</span> <span class='ocrx_word' id='word_1_143' title='bbox 696 2404 755 2473; x_wconf 92' lang='lat' dir='ltr'>quis</span> <span class='ocrx_word' id='word_1_144' title='bbox 766 2405 851 2457; x_wconf 90' lang='lat' dir='ltr'>dicere</span> <span class='ocrx_word' id='word_1_145' title='bbox 863 2407 959 2458; x_wconf 83' lang='lat' dir='ltr'>falsum</span> 
     </span>
     <span class='ocr_line' id='line_1_22' title="bbox 302 2498 934 2556; baseline 0.003 -4"><span class='ocrx_word' id='word_1_146' title='bbox 302 2501 427 2553; x_wconf 82' lang='lat' dir='ltr'>Audeat?</span> <span class='ocrx_word' id='word_1_147' title='bbox 442 2500 490 2551; x_wconf 90' lang='lat' dir='ltr'>llle</span> <span class='ocrx_word' id='word_1_148' title='bbox 506 2498 585 2552; x_wconf 79' lang='lat' dir='ltr'>etiem</span> <span class='ocrx_word' id='word_1_149' title='bbox 601 2517 686 2552; x_wconf 86' lang='lat' dir='ltr'>eaecos</span> <span class='ocrx_word' id='word_1_150' title='bbox 698 2501 790 2552; x_wconf 84' lang='lat' dir='ltr'>instare</span> <span class='ocrx_word' id='word_1_151' title='bbox 805 2506 934 2556; x_wconf 84' lang='lat' dir='ltr'>tumultus</span> 
     </span>
     <span class='ocr_line' id='line_1_23' title="bbox 241 2597 1030 2670; baseline 0.005 -19"><span class='ocrx_word' id='word_1_152' title='bbox 241 2603 293 2670; x_wconf 82' lang='lat'>465</span> <span class='ocrx_word' id='word_1_153' title='bbox 302 2598 377 2667; x_wconf 79' lang='lat' dir='ltr'>Saepe</span> <span class='ocrx_word' id='word_1_154' title='bbox 386 2597 804 2666; x_wconf 78' lang='lat' dir='ltr'>monet‚fmudemque&amp;operta</span> <span class='ocrx_word' id='word_1_155' title='bbox 813 2602 957 2654; x_wconf 81' lang='lat' dir='ltr'>tumescere</span> <span class='ocrx_word' id='word_1_156' title='bbox 967 2604 1030 2655; x_wconf 79' lang='lat' dir='ltr'>bella</span> 
     </span>
     <span class='ocr_line' id='line_1_24' title="bbox 333 2693 1025 2764; baseline 0.004 -16"><span class='ocrx_word' id='word_1_157' title='bbox 333 2697 381 2748; x_wconf 89' lang='lat' dir='ltr'>llle</span> <span class='ocrx_word' id='word_1_158' title='bbox 393 2696 473 2748; x_wconf 88' lang='lat' dir='ltr'>etiam</span> <span class='ocrx_word' id='word_1_159' title='bbox 487 2693 616 2748; x_wconf 72' lang='lat' dir='ltr'>exstindio</span> <span class='ocrx_word' id='word_1_160' title='bbox 629 2694 766 2748; x_wconf 85' lang='lat' dir='ltr'>miseratus</span> <span class='ocrx_word' id='word_1_161' title='bbox 779 2695 879 2748; x_wconf 82' lang='lat' dir='ltr'>Caesare</span> <span class='ocrx_word' id='word_1_162' title='bbox 890 2699 1025 2764; x_wconf 84' lang='lat' dir='ltr'>Romam,</span> 
     </span>
     <span class='ocr_line' id='line_1_25' title="bbox 297 2790 941 2862; baseline 0.002 -18"><span class='ocrx_word' id='word_1_163' title='bbox 297 2793 366 2846; x_wconf 79' lang='lat' dir='ltr'>Crini</span> <span class='ocrx_word' id='word_1_164' title='bbox 375 2805 452 2859; x_wconf 85' lang='lat' dir='ltr'>caput</span> <span class='ocrx_word' id='word_1_165' title='bbox 461 2791 570 2844; x_wconf 73' lang='lat' dir='ltr'>obscuri</span> <span class='ocrx_word' id='word_1_166' title='bbox 583 2790 697 2842; x_wconf 88' lang='lat' dir='ltr'>nitidum</span> <span class='ocrx_word' id='word_1_167' title='bbox 709 2792 841 2862; x_wconf 85' lang='lat' dir='ltr'>ferrugine</span> <span class='ocrx_word' id='word_1_168' title='bbox 853 2795 941 2859; x_wconf 85' lang='lat' dir='ltr'>texit,</span> 
     </span>
     <span class='ocr_line' id='line_1_26' title="bbox 295 2884 953 2957; baseline 0.006 -16"><span class='ocrx_word' id='word_1_169' title='bbox 295 2888 432 2957; x_wconf 85' lang='lat' dir='ltr'>Impiaque</span> <span class='ocrx_word' id='word_1_170' title='bbox 443 2903 565 2941; x_wconf 74' lang='lat' dir='ltr'>eternam</span> <span class='ocrx_word' id='word_1_171' title='bbox 580 2887 726 2940; x_wconf 85' lang='lat' dir='ltr'>timuerunt</span> <span class='ocrx_word' id='word_1_172' title='bbox 738 2889 822 2941; x_wconf 84' lang='lat' dir='ltr'>secula</span> <span class='ocrx_word' id='word_1_173' title='bbox 837 2884 953 2946; x_wconf 75' lang='lat' dir='ltr'>tiodiem.</span> 
     </span>
     <span class='ocr_line' id='line_1_27' title="bbox 296 2984 1030 3062; baseline 0.011 -25"><span class='ocrx_word' id='word_1_174' title='bbox 296 2987 430 3054; x_wconf 86' lang='lat' dir='ltr'>Tempore</span> <span class='ocrx_word' id='word_1_175' title='bbox 437 3002 594 3054; x_wconf 84' lang='lat' dir='ltr'>quamquam</span> <span class='ocrx_word' id='word_1_176' title='bbox 600 2984 649 3036; x_wconf 87' lang='lat' dir='ltr'>illo</span> <span class='ocrx_word' id='word_1_177' title='bbox 655 2987 732 3036; x_wconf 86' lang='lat' dir='ltr'>tellus</span> <span class='ocrx_word' id='word_1_178' title='bbox 740 2988 883 3054; x_wconf 58' lang='lat' dir='ltr'>quoque&amp;</span> <span class='ocrx_word' id='word_1_179' title='bbox 890 3006 1030 3062; x_wconf 81' lang='lat' dir='ltr'>aequompc</span> 
     </span>
     <span class='ocr_line' id='line_1_28' title="bbox 240 3080 988 3154; baseline 0 -16"><span class='ocrx_word' id='word_1_180' title='bbox 240 3082 482 3154; x_wconf 78' lang='lat' dir='ltr'>4700hscoenique</span> <span class='ocrx_word' id='word_1_181' title='bbox 493 3098 571 3136; x_wconf 78' lang='lat' dir='ltr'>canes</span> <span class='ocrx_word' id='word_1_182' title='bbox 583 3121 593 3147; x_wconf 92' lang='lat'>,</span> <span class='ocrx_word' id='word_1_183' title='bbox 607 3080 818 3152; x_wconf 81' lang='lat' dir='ltr'>importuneque</span> <span class='ocrx_word' id='word_1_184' title='bbox 833 3087 959 3140; x_wconf 66' lang='lat' dir='ltr'>volentes</span> <span class='ocrx_word' id='word_1_185' title='bbox 985 3131 988 3138; x_wconf 95' lang='lat'><em>.</em></span> 
     </span>
    </p>
   </div>
   <div class='ocr_carea' id='block_1_3' title="bbox 0 0 1268 3934">
    <p class='ocr_par' dir='ltr' id='par_1_3' title="bbox 0 0 1268 3934">
     <span class='ocr_line' id='line_1_29' title="bbox 0 0 1268 3934; baseline 0 1"><span class='ocrx_word' id='word_1_186' title='bbox 0 0 1268 3934; x_wconf 95' lang='lat' dir='ltr'> </span> 
     </span>
    </p>
   </div>
  </div>
 </body>
</html>
