2525 3934
535 371 764 455 Vrrar‘
961 408 984 455 v

178 550 206 589 r·
239 524 290 588 suit
306 523 430 608 grandi,
444 524 573 606 aquilino
590 525 714 600 colore,
731 523 806 588 facie
822 523 984 601 rusticani,

178 656 184 692 r
238 629 406 693 valetudine
416 630 596 702 vari33nam
606 630 777 711 plemmque
785 629 823 690 ab
833 628 982 691 stomacho

239 735 273 796 &
284 734 411 795 saucibus
422 754 456 793 ac
468 732 572 795 dolore
581 733 682 815 capitis
690 731 840 794 laborabat
852 753 860 794 t
870 733 982 815 sangui·

236 834 410 902 nemetiam
421 837 523 920 saepius
533 835 620 917 ejecit
632 857 640 896 ε
651 836 707 896 cibi
719 838 838 919 vinique
855 837 979 924 minimi.

233 943 276 1004 Ita
287 964 356 1005 eum
366 965 473 1025 pueros
483 940 588 1003 amasse
597 958 791 1023 putaremur,
802 958 833 1001 ut
843 940 980 1004 Socrates

232 1047 417 1109 Alcibiadem
429 1091 439 1120 ,
453 1045 485 1106 &
500 1043 584 1106 Plato
596 1044 662 1106 suos
675 1066 794 1127 pueros.
806 1045 918 1107 Verium
930 1049 979 1105 in·

230 1169 277 1214 ter
286 1171 391 1212 omnes
402 1149 528 1208 maxime
538 1149 636 1209 dilexit
644 1147 791 1209 Cebetem
802 1148 833 1208 &
846 1149 978 1210 Alexan-

231 1257 433 1334 drum‚quem
441 1251 566 1313 secund'a
573 1251 778 1312 Bucolicorum
786 1250 896 1334 Ecloga
905 1253 977 1314 Ale·

230 1361 281 1419 xin
291 1357 439 1438 appellat,
450 1355 590 1417 donatum
600 1353 652 1415 sibi
666 1355 702 1414 ab
717 1352 818 1415 Afinio
829 1354 973 1418 Pollione.

180 1498 186 1506 -
228 1463 396 1543 Utrumque
413 1481 473 1520 non
492 1457 665 1520 ineruditum
688 1457 792 1519 dimisit
809 1480 819 1533 3
845 1457 975 1521 Alexan·

229 1567 313 1627 drum
325 1567 560 1648 grammaticum,
568 1560 714 1624 Cebetem
722 1563 794 1624 verb
803 1563 834 1625 &
844 1569 973 1645 po'e'tam.

230 1667 343 1730 Ore&
362 1671 461 1728 animo
477 1684 539 1728 tam
557 1667 683 1749 probum
699 1665 778 1728 suille
797 1667 925 1744 constat,
939 1689 971 1730 ut

228 1771 359 1853 Neapoli
376 1771 541 1833 Parthenias
557 1772 649 1854 vulgb
666 1771 881 1859 appellaretur:
895 1797 928 1835 ac
948 1774 970 1834 s1

226 1877 345 1958 qnando
358 1876 481 1951 Romae,
492 1874 696 1958 qubrarislrme
707 1878 907 1952 commeabat,
920 1881 971 1938 vi·

224 1980 333 2042 seretur
348 1982 380 2041 in
397 1980 516 2062 publico
531 1977 710 2054 deflentes,
725 1978 969 2043 demonstrantes-

225 2105 282 2167 que
298 2084 328 2145 se
347 2082 542 2166 subterfugere
552 2081 667 2153 solitum
681 2085 710 2144 in
724 2076 891 2165 proximum
905 2101 968 2146 rec-

224 2206 299 2249 tum.
306 2186 391 2247 Bona
400 2205 494 2248 autem
507 2184 653 2267 cujusdam
664 2187 814 2249 exsulantis
823 2184 966 2251 offerente
1042 2240 1046 2248 .

221 2288 357 2373 Augusto
368 2334 377 2364 ‚
388 2310 447 2350 non
454 2290 728 2372 sustinuitaccipere.
736 2291 862 2354 Polledit
870 2296 965 2375 prope

219 2398 331 2458 centies
342 2392 499 2455 sestertium
509 2415 545 2456 ex
554 2395 770 2456 liberalitatibus
782 2390 940 2458 amicorum
953 2444 965 2472 ‚

218 2478 377 2581 habuitque
386 2499 507 2558 domum
515 2497 619 2559 Romae
628 2500 657 2558 in
669 2497 797 2580 Esquiliis
808 2497 887 2578 juxta
897 2501 965 2562 hor·

216 2620 265 2665 tos
279 2602 470 2674 Maecenatis3
482 2621 656 2683 quamquam
675 2600 780 2663 secessu
793 2601 964 2685 Campaniae

215 2706 379 2789 Siciliaeque
394 2706 548 2786 plurimum
557 2723 696 2768 uteretur.
707 2706 909 2789 Quaecumque
921 2711 960 2770 ab

216 2808 351 2892 Augusto
364 2827 501 2891 peteret,
521 2809 663 2892 repulsam
673 2831 828 2892 numquam
847 2813 959 2875 habuit.

215 2911 382 2974 Parentibus
389 2915 544 2994 quotannis
553 2934 652 2974 aurum
660 2915 696 2974 ad
703 2913 896 2976 abundantem
907 2918 960 2976 ali-

212 3034 273 3079 tum
286 3015 424 3080 mittebat
431 3061 441 3091 ,
453 3015 594 3100 quosjam
606 3018 720 3101 grandis
729 3018 836 3080 amisit:
848 3039 884 3081 ex
892 3023 958 3102 ¹qui·¹

728 3144 746 3183 a
764 3121 793 3202 iij
