2525 3934
212 475 317 566 nferos
338 475 466 566 Sityttt
490 478 565 544 tuce
592 474 755 567 descendit.
783 478 877 546 Videt
901 476 942 544 il-

212 601 243 666 ic
264 601 293 664 l.
312 600 352 664 ln
373 599 543 694 vestibulo,
565 598 702 694 monstra
721 598 822 663 varia.
837 597 884 664 II.
901 599 942 664 In

212 719 273 811 ipa
287 716 465 813 fluviorum
490 704 717 804 infernorum,
742 717 868 784 umbras
893 717 945 784 de·

212 834 377 905 ienllorum
408 837 532 902 aditum
554 856 730 924 petentes,·
758 837 852 927 inque
879 836 944 920 iis,

212 956 356 1025 9rontem
378 961 390 1042 ,'
414 956 615 1023 Palinurum.
638 957 721 1028 III.
735 959 777 1024 In
799 955 865 1047 ipso
874 956 946 1053 flu-

212 1078 290 1145 trine
305 1124 316 1158 ,
342 1071 502 1143 Charonta
511 1079 720 1166 portitorem,
744 1076 947 1168 qnemseeum

212 1195 358 1264 leodien
387 1197 547 1266 rixantem
574 1199 664 1267 aurei
685 1198 766 1266 rami
791 1196 949 1289 conspec‘lu

212 1316 315 1384 lemul
300 1319 367 1384 leet.
381 1317 445 1388 IV.
456 1318 497 1384 In
512 1320 645 1403 limine,
660 1319 817 1386 Cerberum
829 1341 949 1401 canem,

212 1460 298 1526 quem
306 1436 400 1527 sopit
418 1434 536 1524 objella
553 1434 692 1532 offie.V
656 1436 857 1506 ΚΠΓιιαΓ
846 1462 948 1525 tmen,

212 1556 292 1631 sedes
310 1554 416 1623 varias
430 1579 542 1645 ,quas
564 1557 775 1625 incolebant.
795 1582 820 1626 ι,
838 1556 953 1646 Inflan-

212 1696 255 1744 ιιι
270 1704 282 1745 .·
297 1699 332 1744 2.
346 1673 474 1769 Injustt
493 1697 588 1742 morte
614 1678 761 1746 damnati
781 1702 795 1746 .·
812 1705 849 1773 3.
870 1679 953 1747 Pro·

212 1793 287 1886 oria*
308 1816 410 1862 manu
434 1795 589 1885 perempti
610 1820 623 1865 ,·
645 1821 680 1883 4.
705 1800 896 1885 Amantes,
919 1800 955 1865 in

212 1918 324 2010 quibus
345 1916 452 1985 Dido.
478 1920 514 1988 b.
535 1917 742 1999 Bellatores,
772 1919 855 1985 inter
879 1944 956 2009 quos

212 2037 402 2125 Deiphobus
432 2086 444 2121 ,
480 2036 597 2127 aliique
631 2032 766 2120 Troiani
794 2033 827 2105 δ’
855 2038 958 2106 Greci

213 2157 320 2226 diues.
333 2154 561 2255 Adsimstram
580 2204 592 2240 ,
610 2151 735 2223 eminrls
749 2179 892 2224 carcerem
907 2157 957 2225 oi·

212 2278 269 2349 det
298 2276 464 2367 impiorum
487 2276 594 2368 panis
619 2275 809 2375 destinatum
834 2300 842 2344 :
870 2303 958 2367 quern

212 2404 319 2495 locum
338 2398 437 2467 adire.
455 2395 526 2468 etim
556 2420 622 2464 non
642 2392 766 2497 poffit,
789 2421 810 2464 a
830 2399 959 2488 Sibylla

212 2506 313 2593 variax
330 2519 492 2587 variorum
511 2513 679 2611 stepplieia
709 2515 874 2598 edocetur,
899 2517 962 2585 Gi·

212 2657 379 2736 gantum,
399 2641 588 2721 Salmonei,
608 2636 848 2725 Lapitharum,
870 2639 962 2709 Ixio-

214 2759 297 2844 nis,
314 2755 440 2845 Thesei,
455 2753 516 2826 (re.
530 2763 564 2823 V
566 2758 588 2826 1
595 2758 621 2827 l.
635 2757 695 2825 At
706 2757 865 2823 dexteram
877 2763 963 2850 verstr

214 2882 355 2962 itinere,
373 2878 516 2966 pervenit
533 2878 579 2943 al
594 2873 723 2971 Elyfios
740 2900 890 2966 campos:
910 2881 964 2947 ubi

216 3004 338 3075 multos
358 2998 483 3069 heroum
505 2996 640 3082 nablas,
663 3021 686 3066 a
707 2995 828 3090 Museo
843 2999 879 3066 de
900 2999 964 3067 loei
