2525 3934
312 420 404 520 206
505 410 872 496 AENaro-oe-

253 579 308 632 620
315 580 357 632 sit
368 576 469 642 Beroe,
478 577 580 631 Ismarii
592 576 693 642 conjux
701 578 835 647 longeva
843 575 978 648 Dorycli,

273 677 277 686 '
311 675 364 728 Cui
376 691 476 746 genus,
489 674 516 726 ἀ
525 675 660 743 quondam
670 689 774 726 nomen
786 712 795 736 ,
815 674 926 743 natique
937 671 1051 732 miffeatz

302 773 351 824 ·Ac
362 772 396 824 fic
407 771 586 824 Dardanidum
598 770 713 823 mediam
725 772 754 823 se
764 771 897 824 matribus
905 771 994 824 insert.

307 868 342 923 0
351 868 466 922 misera!
478 885 543 937 quas
553 883 610 919 non
620 883 715 919 manua
726 906 734 931 ‚
747 867 860 936 inquit,
872 868 981 921 Achaica
991 867 1051 919 bello

313 964 437 1018 Traxotit
445 966 478 1017 ad
486 964 587 1017 lethum
595 962 745 1032 patriosala
754 963 899 1017 moenibus
911 969 918 1019 l
931 964 1017 1034 dgens

258 1063 310 1130 625
320 1063 417 1117 Infelix
430 1067 436 1118 !
449 1062 493 1116 cui
504 1076 531 1114 te
542 1061 628 1115 exitio
638 1061 746 1114 sottum
756 1061 906 1115 reservat?

316 1161 436 1228 Septima
445 1158 504 1228 post
514 1159 604 1225 Trojae
613 1157 750 1211 excidium
757 1157 816 1223 jam
827 1159 950 1212 vertitur
961 1159 1045 1218 aestas,

315 1257 387 1309 cnm
397 1258 464 1310 freta
474 1295 482 1320 ,
493 1256 553 1310 ciam
562 1270 642 1307 terras
654 1270 753 1307 omnes
763 1293 771 1318 ,
789 1269 837 1307 tot
849 1244 990 1324 inhospita
1001 1258 1051 1309 sara

317 1352 577 1423 Sideraqueemensae
582 1351 705 1404 ferimur:
716 1351 778 1401 dum
791 1367 844 1417 per
856 1368 934 1404 mare
946 1367 1051 1423 magnun

316 1447 421 1502 Italiam
433 1450 565 1518 sequimur
575 1446 720 1516 fugientem
733 1483 740 1507 ‚
755 1445 783 1496 δι
795 1448 949 1502 volvimur
959 1451 1038 1504 undis.

260 1544 374 1614 630Hsc
383 1547 476 1616 Erycis
488 1545 555 1600 fines
565 1543 672 1598 fraterni
684 1582 692 1608 ,
706 1556 787 1611 atque
799 1545 906 1613 hospes
916 1547 1032 1600 Acestes:

315 1640 386 1707 Quis
393 1643 615 1709 prohibetmuros
623 1641 723 1706 jacere,
737 1640 763 1691 ἃ
775 1640 840 1694 dare
847 1642 961 1696 civibus
966 1644 1051 1696 urbemi

275 1742 277 1749 “
317 1737 346 1791 0
358 1737 441 1806 patria
454 1741 461 1790 l
475 1738 501 1788 ἃ
512 1738 582 1804 rapti
592 1735 769 1804 nequicquam
781 1753 821 1788 ex
835 1737 918 1790 hoste
930 1739 1050 1792 Penates!

317 1837 431 1889 Nullane
439 1834 491 1901 jam
502 1832 591 1898 Troiae
603 1833 723 1885 dicentur
733 1833 838 1885 moenia
850 1836 862 1886 ἓ
877 1836 1007 1906 nusquam

318 1932 468 1986 Hedoreos
481 1946 570 1984 amnes
580 1969 588 1994 ,
597 1928 734 1981 Xanthum
745 1929 771 1981 δι
780 1929 932 1986 Simoenta
942 1931 1043 1986 videbo?

263 2040 281 2090 6
284 2050 314 2104 35
325 2031 400 2096 Quin
410 2029 534 2111 agit'el'&
543 2044 645 2081 mecum
658 2025 779 2079 infaustas
792 2028 907 2082 exurite
917 2047 1027 2098 puppes.

317 2128 387 2177 Nam
397 2127 463 2177 milti
476 2124 620 2178 Caffandrae
629 2141 677 2192 per
686 2124 812 2175 somnum
824 2126 901 2178 vatis
914 2127 1005 2197 imago

273 2250 277 2257 ·
316 2222 445 2273 Ardentes
457 2225 518 2276 dare
526 2224 583 2275 visa
592 2225 661 2276 faces
672 2240 678 2273 :
690 2223 733 2273 hic
743 2220 855 2290 querite
870 2225 1004 2291 Troiam,

316 2318 370 2369 llic
380 2319 475 2371 domus
485 2319 539 2382 est,
550 2319 651 2387 inquit,
662 2318 757 2380 vobis,
768 2317 822 2382 iam
831 2334 947 2390 tempus
957 2325 1012 2394 agit
1019 2340 1051 2375 res

316 2416 373 2467 Nec
384 2414 464 2467 tantis
474 2414 688 2497 momptpdigiis
701 2430 753 2467 :en
765 2431 885 2481 quatuor
898 2437 953 2472 arae

259 2501 315 2563 ⁶40
322 2513 448 2581 Neptuno
459 2531 466 2564 ε
477 2513 551 2564 Deus
561 2504 616 2578 ipse
626 2513 695 2564 sacer
709 2511 885 2580 animumque
899 2517 1043 2570 ministrat.

344 2607 798 2674 Haecmemorans‚primainfensum
805 2610 835 2660 vi
842 2613 966 2681 corripit
974 2616 1051 2686 igneo

271 2722 274 2730 ¹
316 2706 473 2774 Sublataque
485 2706 577 2773 procul
588 2703 681 2755 dextri
691 2703 808 2756 connixa
818 2710 964 2776 coruscat,

315 2804 348 2853 Et
357 2800 428 2866 jacit.
439 2801 552 2854 Arrediae
562 2814 664 2854 mentes
675 2838 683 2864 ,
695 2800 894 2872 stupesadiaque
907 2812 994 2862 corda

282 2906 290 2921 ¹
315 2898 435 2952 Iliadum.
446 2894 560 2949 Hsc'una
570 2914 584 2949 e
594 2895 686 2950 multis
697 2934 704 2958 ‚
717 2913 775 2965 quae
785 2899 910 2955 maxima
923 2920 1013 2972 natu,

259 2988 310 3053 ⁶45
321 2997 410 3066 Pyrgo
421 3036 428 3059 ,
439 3010 480 3047 tot
492 2994 590 3047 Priami
599 3011 722 3047 natorum
734 2995 806 3064 regia
819 3000 919 3052 nutrix
931 3021 939 3053 τ

315 3095 379 3146 Non
390 3092 474 3146 Bero'e'
483 3091 577 3151 vobis3
590 3108 647 3145 non
655 3092 710 3145 haec
720 3092 847 3147 Rhoeteia
860 3133 868 3160 ,
881 3114 987 3156 matres
1000 3141 1014 3168 2

245 3276 286 3456 l
