2525 3934
273 414 355 509 284
460 400 823 485 AEnaroos

269 573 427 644 Contigerat
438 591 447 632 ;
459 571 560 641 placidi
571 570 696 624 laxdrant
706 571 828 623 membra
838 567 927 639 quiete

269 671 323 722 Sub
335 669 416 723 remis
427 669 475 722 tufi
484 686 533 737 per
541 671 604 721 dura
612 667 709 720 sedilia
718 682 824 731 nautae,

271 767 340 817 Ciam
349 764 418 819 levis
430 765 551 818 ethereis
563 765 683 833 delapsus
696 765 821 818 Somnus
831 765 863 818 ab
874 762 957 826 astris,

271 863 340 915 Adra
352 863 468 915 dimovit
476 862 646 915 tenebrosum
660 901 668 925 ‚
685 863 715 913 δι
728 863 844 931 dispulit
854 863 963 918 umbram

216 960 271 1023 840
277 960 332 1023 Te,
342 959 479 1023 Palinure,
489 973 598 1027 petens,
608 957 660 1009 tibi
670 957 759 1010 tristia
769 959 880 1011 somnia
889 971 981 1028 portans

272 1056 376 1108 Insonti
386 1077 395 1116 ·,
406 1055 542 1125 puppique
552 1056 626 1107 Deus
637 1035 765 1107 cbnsedit
774 1056 805 1107 in
818 1059 888 1120 alta,

272 1152 421 1206 Phorbanti
428 1153 519 1204 similis
531 1191 539 1216 ‚
553 1151 675 1220 fuditque
687 1151 739 1204 has
753 1170 803 1206 ore
817 1155 953 1222 loquelas:

272 1251 355 1303 lafide
367 1250 503 1315 Palinure,
514 1250 600 1302 ferunt
610 1249 666 1316 ipsa
676 1265 791 1317 aequora
805 1249 930 1313 classem,

274 1347 396 1417 AEquatae
409 1347 508 1416 spirant
517 1363 600 1408 aurae,
612 1346 689 1396 datur
698 1361 766 1397 aura
777 1347 878 1414 quieti.

218 1443 268 1506 845
278 1442 353 1496 Pone
365 1459 462 1513 caput,
477 1443 607 1512 feffosque
618 1443 716 1494 oculos
727 1443 821 1495 furare
834 1443 928 1495 labori.

273 1538 332 1604 lpse
344 1555 396 1608 ego
408 1539 539 1609 paulisper
548 1554 598 1606 pro
609 1551 636 1589 te
647 1550 691 1588 tua
704 1554 825 1591 munera
837 1540 922 1592 inibo.

274 1634 327 1685 Cui
338 1636 387 1686 vix
398 1639 523 1689 attollens
532 1635 670 1688 Palinurus
680 1635 788 1687 lumina
799 1637 888 1691 fatur:

275 1731 357 1784 Mene
366 1731 425 1782 salis
435 1732 531 1797 placidi
540 1733 646 1783 vultum
656 1729 812 1802 flustusque
825 1733 932 1803 quietos

275 1831 400 1899 ignorate
409 1826 481 1893 iubes
492 1829 503 1879 ?
515 1841 592 1877 mene
600 1826 664 1877 huic
673 1825 817 1880 confidere
830 1829 960 1881 monstro?

221 1932 276 1995 850
283 1927 384 1980 AEnean
393 1927 495 1978 credam
505 1923 569 1994 quid
577 1921 651 1974 enim
660 1922 803 1977 fallacibus
814 1926 923 1989 austris,

278 2027 311 2075 Et
323 2025 385 2076 coeli
395 2024 476 2075 toties
488 2024 612 2090 deceptus
623 2020 714 2072 fraude
726 2020 841 2075 sereni?

278 2120 354 2169 Talia
364 2120 432 2171 <lilla
443 2122 517 2172 dabat
529 2139 537 2180 ·,
556 2121 713 2185 clavumque
726 2117 827 2170 affixus
840 2119 972 2171 &haerens

277 2212 413 2278 Nusquam
427 2217 579 2276 amittebat,
592 2214 737 2282 oculosque
748 2214 797 2266 sub
808 2215 877 2268 astra
889 2215 992 2268 tenebat.

278 2309 344 2359 Ecce
356 2311 430 2361 Deus
440 2328 542 2362 ramum
553 2312 661 2362 Lethaeo
671 2326 732 2361 rore
744 2312 906 2366 madentem
917 2353 925 2377 ‚
1032 2300 1034 2371 i

222 2413 272 2480 855
283 2405 373 2472 Vique
384 2406 536 2473 soporatum
547 2404 639 2474 Stygii
650 2444 657 2467 ,
668 2405 746 2472 super
759 2420 879 2476 utraque
893 2407 987 2479 quaffat

277 2504 412 2571 Tempora
422 2520 430 2561 3
443 2501 626 2568 cundlantique
636 2499 753 2550 natantia
763 2502 873 2556 lumina
886 2506 978 2558 solvit.

277 2600 336 2651 Vix
346 2599 447 2668 primos
459 2596 568 2664 inopina
581 2596 656 2664 quies
666 2598 807 2648 laxaverat
820 2616 896 2653 artus
909 2641 917 2666 ‚
930 2637 935 2647 ,

277 2696 310 2746 Et
322 2694 575 2763 superincumbens,
588 2710 649 2744 cum
661 2691 760 2760 puppis
773 2710 854 2761 parte
865 2700 988 2762 revulsa,

278 2793 400 2857 Cumque
413 2792 569 2858 gubernaclo
580 2790 692 2858 liquidas
704 2789 824 2856 projecit
839 2793 870 2844 in
882 2798 969 2848 undas

221 2888 460 2955 860Praecipitem‚
472 2904 501 2938 ac
513 2886 600 2939 socios
608 2885 786 2954 nequicquam
793 2888 870 2956 saepe
878 2910 1026 2946 vocantem.

276 2989 335 3058 lpse
345 2987 440 3037 volans
452 2998 544 3036 tenues
556 2984 581 3034 se
593 2981 694 3034 sustulit
704 2983 758 3032 ales
769 2982 799 3033 in
810 3001 903 3041 auras.

315 3081 404 3138 Currit
414 3080 464 3134 iter
473 3094 559 3134 tutum
569 3095 625 3132 non
635 3076 718 3132 secius
730 3095 843 3150 aequore
855 3085 967 3152 claffis.
