2525 3934
314 399 395 481 106
469 383 902 480 Gronotcou'

200 543 208 558 '
253 548 305 613 485
316 557 379 611 Oss'a
389 559 540 612 minutatim
552 563 648 615 morbo
659 562 775 631 collapsa
783 563 910 615 trahebat.

311 658 386 726 Saepe
399 659 428 709 in
438 659 542 710 honore
551 659 642 711 Derim
652 659 743 712 medio
751 658 819 737 stans
828 658 914 713 hostia
923 657 958 711 ad
968 663 1053 720 aranu

310 754 399 806 Lanea
410 757 473 806 dum
483 755 563 808 nivei
575 756 751 809 circumdatur
760 756 843 809 infula
850 755 937 820 vind,

310 850 383 902 Inter
393 853 544 930 cunflantes
554 854 651 907 cecidit
660 855 817 907 moribunda
826 852 973 927 ministros.

312 947 395 1000 Autfi
405 966 484 1018 quam
494 951 566 1003 ferro
575 950 735 1004 mallaverat
745 935 808 1003 ante
819 950 959 1014 sacerdos,

256 1047 381 1099 4901nde
393 1064 479 1116 neque
489 1048 620 1118 impositis
632 1051 723 1101 ardent
733 1049 824 1101 altaria
833 1047 921 1111 fibris,
1008 1102 1017 1115 ,

319 1146 376 1197 Nec
387 1146 511 1215 responsa
522 1146 609 1216 potest
620 1147 756 1199 consultus
765 1147 873 1198 reddere
882 1159 975 1204 vates,

314 1243 355 1295 Ac
363 1243 414 1296 vix
422 1244 551 1313 supposui
562 1244 701 1313 tinguntur
710 1243 837 1312 sanguine
848 1241 943 1304 culmi,

308 1341 474 1410 ,Summaque
483 1340 572 1408 jejuni
583 1340 655 1392 sanie
665 1339 806 1392 infuscatur
814 1354 902 1390 arena.

315 1439 387 1491 Hinc
398 1439 466 1492 laetis
478 1439 559 1492 vituli
567 1435 652 1508 vulgo
662 1436 812 1490 moriuntur
825 1436 854 1488 in
865 1434 969 1498 herbis.

259 1537 310 1590 495
320 1538 352 1588 Et
364 1538 452 1589 dulces
464 1537 564 1589 animas
575 1538 654 1604 plena
662 1537 695 1588 ad
703 1533 829 1603 praesepia
838 1536 959 1587 reddunt.

316 1634 387 1686 Hinc
396 1634 503 1687 canibus
515 1633 615 1686 blandis
625 1633 709 1685 rabies
719 1631 813 1694 venit,
826 1632 853 1683 δι
863 1630 949 1699 quatit
956 1645 1041 1700 aegros

315 1729 401 1783 Tuffis
411 1731 503 1783 anhela
512 1730 570 1783 sues
580 1770 588 1794 ,
603 1747 632 1783 ac
642 1729 759 1784 faucibus
768 1728 841 1798 angit
850 1728 944 1782 obelis.

352 1827 460 1880 Labitur
469 1826 564 1880 infelix
575 1826 720 1879 studiorum
734 1840 813 1895 atque
823 1825 967 1878 immemor
975 1826 1061 1879 herbae

316 1925 414 1979 Victor
423 1943 507 1995 equus
517 1965 525 1989 ,
537 1924 677 1993 fontesque
689 1923 833 1985 avertitur,
849 1923 876 1975 ἀ
886 1925 953 1990 pede
966 1937 1061 1976 terram

266 2030 316 2082 500
326 2023 422 2075 Crebra
433 2022 494 2076 ferit
507 2041 514 2074 :
526 2019 640 2074 demissae
650 2036 725 2071 aures
737 2058 744 2082 ,
761 2019 876 2071 incertus
886 2019 987 2072 ibidem

318 2121 404 2172 Sudor
417 2159 424 2183 ,
442 2119 522 2171 &ille
535 2118 642 2186 quidem
653 2115 790 2169 morituris
799 2115 909 2186 frigidus
920 2137 927 2170 :
939 2133 998 2170 aret

318 2216 398 2268 Pellis
409 2256 417 2280 ,
434 2217 501 2268 &ad
511 2216 608 2268 tastum
620 2214 742 2266 trafianti
752 2216 815 2267 dura
826 2214 929 2266 resiliit.

318 2312 384 2366 Haec
393 2328 453 2365 ante
464 2312 577 2365 exitium
588 2312 682 2380 primis
694 2314 756 2364 dant
768 2311 839 2380 signa
851 2312 954 2366 diebus.

320 2413 368 2464 Sin
378 2412 405 2464 in
417 2409 536 2480 proceffu
546 2410 629 2478 coepit
641 2411 790 2483 crudescere
802 2412 928 2475 morbus,

269 2518 302 2570 50
306 2518 316 2569 5
325 2513 395 2566 Turn
406 2508 473 2563 veti)
484 2510 603 2561 ardentes
614 2508 686 2561 oculi
697 2547 704 2570 ‚
716 2522 795 2576 atque
804 2505 928 2560 atttaslus
939 2509 973 2560 ab
985 2510 1040 2560 alto

321 2609 435 2678 Spiritus
446 2647 454 2672 ,
467 2606 599 2658 interdum
608 2605 709 2674 gemitu
719 2603 806 2672 gravis
820 2622 828 2665 3
844 2603 951 2672 imaque
965 2607 1049 2674 longo

320 2706 369 2760 Ilia
380 2705 494 2775 singultu
506 2705 616 2756 tendunt
628 2721 635 2756 :
647 2702 669 2754 it
678 2701 782 2754 naribus
792 2715 847 2754 atet

324 2801 436 2872 Sanguis
447 2841 455 2865 ,
466 2802 493 2854 δι
503 2799 614 2853 obseffas
623 2800 711 2852 fauces
722 2797 824 2868 premit¹
830 2797 920 2864 aspera
929 2797 1030 2869 lingtra.

323 2899 426 2954 Profuit
438 2897 537 2951 inserto
548 2897 640 2951 latices
651 2874 787 2949 infundere
799 2911 884 2947 cornu

271 3002 440 3065 510Lenaeos
453 3016 460 3050 ι
472 3014 503 3049 ea
512 2995 571 3048 visa
579 2996 648 3048 salus
658 2992 833 3046 morientibus
842 3009 905 3045 una.
953 3016 955 3019 ·

323 3099 395 3152 Mox
404 3096 521 3151 erat—hoc
532 3093 619 3164 ipsum
626 3090 714 3148 exitio
726 3089 869 3158 tfuriisque
880 3088 973 3145 refesti
