2525 3934
258 460 340 542 230
453 423 806 514 AErremos'

253 595 400 649 Poenorum
411 596 564 666 exspediant
575 615 584 658 3
597 595 726 666 ostroque
737 595 853 667 insignis
866 594 895 650 ἃ
904 612 967 651 auro
991 591 994 595 ’

199 703 247 756 135
257 693 314 744 Stat
328 693 435 762 sonipes
448 733 457 758 ‚
471 711 501 747 ac
512 695 593 748 sraena
602 695 683 747 serox
691 694 846 762 spumantia
858 694 967 747 mandit.

252 789 371 843 Tandem
381 793 567 862 progreditur,
582 791 678 862 magni
691 790 807 860 stipante
816 791 944 856 catervi,

210 898 216 925 r
252 885 389 939 Sidoniam
398 889 472 957 pidio
484 892 652 962 chlamydem
660 878 827 943 circumdata
837 889 936 942 limbo:

252 982 304 1035 eui
316 985 437 1052 pharetra
445 1003 482 1038 ex
493 1004 574 1052 auro,
585 987 672 1040 crines
684 987 825 1040 nodantur
836 986 867 1039 in
875 1000 961 1038 mrum
970 1020 980 1049 ,

252 1080 339 1133 Aurea
348 1099 506 1150 purpuream
515 1084 645 1137 subnectit
655 1083 739 1136 fibula
750 1083 868 1137 vestem.

199 1179 313 1239 140Nec
325 1195 382 1231 non
391 1181 418 1232 dt
430 1179 540 1250 Phrygii
551 1179 664 1232 comites
677 1217 686 1243 ‚
700 1180 728 1232 dt
739 1182 822 1232 latur
830 1180 927 1244 Iiilur,

252 1275 398 1330 Incedunt:
410 1276 467 1345 ipse
478 1292 539 1329 ante
548 1276 615 1328 alios
625 1275 825 1343 pulcherrimus
835 1286 933 1329 omnes

218 1387 222 1393 ·
254 1371 337 1424 Infert
348 1373 375 1427 se
386 1373 488 1427 socium
499 1374 615 1437 AEneas,
631 1387 710 1443 atque
721 1372 835 1444 agmina
845 1371 947 1444 iungit.

252 1466 347 1531 Qualis
358 1469 404 1522 ubi
414 1471 561 1540 hybernum
570 1469 681 1539 Lyciam
690 1468 835 1538 Xantique
848 1468 950 1522 fluenta

252 1563 360 1617 Deserit
372 1606 380 1629 ,
392 1583 423 1619 ac
432 1568 532 1620 Delum
541 1580 686 1618 maternam
698 1565 793 1617 invisit
803 1565 933 1634 Apollo,

200 1659 436 1730 1451nshuratque
447 1665 544 1717 choros
555 1681 563 1723 3
575 1662 708 1730 mixtique
718 1661 818 1715 altaria
829 1663 935 1717 circum

254 1759 397 1827 Cretesque
407 1758 1002 1832 Driopesquesremunrffliffiquedgarhyrss
1019 1781 1022 1788 ·
1039 1750 1041 1763 ¹

217 1886 221 1897 ι
253 1856 312 1924 lpse
323 1855 392 1927 jugie
403 1856 505 1926 Cynthi
517 1857 652 1926 graditur,
665 1857 798 1926 mollique
813 1857 948 1912 fluentem

254 1954 358 2008 Fronde
368 1953 467 2024 premit
472 1953 573 2007 crinem
580 1951 684 2024 fingens
692 1993 700 2018 ,
707 1968 790 2022 atque
796 1955 1002 2024 implicatauro:

254 2054 320 2106 Tela
330 2054 424 2106 sonant
432 2052 560 2105 humeris.
572 2054 650 2104 Haud
658 2052 707 2104 iilo
717 2051 832 2122 segnior
846 2053 902 2108 ibat

201 2148 375 2215 150AEneas:
386 2164 490 2201 tanturn
502 2150 611 2220 egregio
626 2151 705 2201 decus
714 2148 803 2204 enitet
813 2167 877 2205 ore.

292 2243 432 2312 Postquam
439 2248 506 2298 altos
512 2262 625 2299 ventum
632 2247 661 2298 in
667 2259 874 2318 montes‚atque
880 2249 1029 2304 invialuiru

223 2364 225 2369 ·
254 2343 321 2394 Ecce
332 2343 393 2394 iera
403 2341 459 2393 saxi
470 2341 576 2407 dejesta
586 2345 686 2396 vertice
698 2360 784 2411 caprae

255 2438 403 2491 Decurrdre
415 2438 484 2508 iugis
496 2459 503 2492 ε
514 2439 564 2491 alia
574 2442 605 2492 de
615 2455 688 2508 parte
701 2453 826 2507 patentes

255 2536 450 2590 Transmittunt
461 2537 538 2587 cursu
549 2552 658 2605 campos
671 2576 679 2599 ‚
691 2551 770 2605 atque
783 2539 898 2607 agmina
910 2541 985 2596 cervi
1039 2562 1041 2569 ·

203 2631 1022 2711 155Pulverulentasugdglomerant‚montesquerelinquuot

256 2731 291 2783 At
303 2750 369 2799 puer
375 2732 507 2785 Ascanius
516 2731 611 2783 mediis
621 2731 650 2782 in
660 2730 775 2783 vallibus
785 2734 844 2786 acri

222 2848 231 2871 e
256 2826 362 2879 Gaudet
368 2845 439 2896 equo
447 2850 453 2882 ε
461 2829 567 2900 jamque
573 2831 624 2881 hos
634 2827 708 2881 cursu
717 2868 724 2892 ‚
736 2827 789 2894 jam
796 2834 924 2897 praeterit
934 2835 1010 2894 illos‘,

256 2925 481 2993 Spumantemque
493 2927 547 2978 dari
558 2943 656 2995 pecora
668 2926 737 2978 inter
748 2925 848 2980 inertia
859 2932 941 2986 voris

258 3019 1023 3090 Optataprum‚autfulvumdescendetemonteleonem·

204 3115 256 3173 160
293 3119 397 3174 Interea
409 3136 507 3193 magno
517 3121 621 3178 misceri
630 3136 764 3176 murmure
776 3124 885 3179 coelunt
985 3186 987 3191 ¹

191 3298 245 3456 i
