2525 3934
263 421 346 501 280
450 410 814 499 AEnrurnos

260 577 388 632 Consiliis
399 593 481 647 pare,
495 592 554 645 qua
566 592 640 629 nunc
653 579 845 646 pulcherrima
854 579 947 631 Nautes

260 677 317 728 Dat
327 676 435 728 senior:
450 674 534 726 lellus
547 674 663 740 juvenes
678 714 688 740 ,
703 677 951 746 foronomum,

206 773 350 836 730Defer
359 772 388 823 in
396 771 515 824 ltaliam:
527 786 591 839 gens
603 772 692 836 dura,
711 787 798 842 atque
809 773 897 842 aspera
905 772 968 824 tultu

264 871 427 923 Debellanda
438 869 488 921 tibi
497 868 565 920 latio
575 866 621 920 est.
635 868 718 921 Ditis
730 885 832 923 tamen
840 869 897 923 am‘e

263 966 382 1023 Infernas
392 967 607 1027 accedemus,
619 965 647 1017 δι
657 966 779 1021 Averna
791 985 846 1037 per
858 956 906 1022 alta

266 1063 429 1134 Congreffus
435 1078 593 1132 pete‚uate,
603 1064 774 1116 meos.Non
782 1081 831 1117 me
838 1064 1004 1134 impiamque

266 1161 376 1213 Tartara
381 1163 477 1213 habent
482 1158 616 1226 tristesque
622 1159 730 1211 umbrae
737 1178 747 1219 3
755 1161 807 1214 sed
813 1178 921 1214 amoena
926 1160 1007 1229 piorum

212 1264 265 1321 735
277 1256 414 1319 eoncilia,
426 1255 594 1326 Elyfiumque
603 1255 680 1307 colo.
693 1256 760 1308 Huc
772 1258 850 1311 casta
858 1259 953 1328 Sibylla

270 1354 430 1423 Nigrantum
442 1356 527 1407 multo
539 1354 669 1420 pecudum
682 1366 713 1405 te
724 1353 866 1425 sanguine
878 1360 956 1410 ducet.

269 1450 342 1501 Tum
349 1469 431 1520 genus
438 1467 519 1504 omne
525 1449 639 1512 tuum&
645 1465 711 1517 quae
717 1452 826 1507 denmr
832 1452 1006 1518 moenulisco.

269 1542 384 1613 Jamque
394 1551 454 1601 vale
465 1568 472 1602 ε
483 1562 590 1616 torquet
599 1545 707 1598 medios
718 1565 783 1601 nox
796 1552 912 1606 humida
920 1551 1001 1611 cursus·

271 1639 305 1691 Et
314 1656 357 1692 me
368 1643 455 1695 saevus
464 1642 540 1713 equis
553 1642 654 1695 Oriens
666 1642 778 1698 afflavit
792 1651 913 1705 anhelis.

216 1752 273 1802 740
278 1737 410 1802 Dixerat,
422 1739 553 1791 &tenues
564 1739 652 1808 fugit,
664 1755 717 1793 ceu
726 1743 847 1811 fumus,
859 1748 889 1800 in
900 1765 974 1801 auras.

275 1836 374 1890 AEneas
386 1855 393 1889 t
405 1833 469 1902 Quo
480 1834 573 1886 deiude
584 1835 640 1885 ruis
654 1837 665 1887 l
681 1837 743 1904 quo
755 1844 905 1913 proripis?
917 1843 992 1913 iuquit.

277 1935 367 1999 Quem
379 1932 448 2002 fugis
456 1933 466 1985 l
473 1944 517 1984 aut
528 1929 588 1999 quis
597 1944 623 1982 te
634 1929 735 1986 nostris
743 1943 941 2008 complexibus
948 1936 1007 1993 arcet?

276 2031 343 2082 Hac
355 2046 521 2091 memorans,
532 2027 648 2080 cinerem
659 2029 685 2079 ἀ
697 2029 814 2098 sopitos
829 2038 939 2093 suscitat
948 2040 1010 2108 ignes:

277 2126 503 2196 Pergameumque
513 2127 623 2189 Larem,
638 2126 664 2176 &
676 2142 751 2180 canae
762 2139 923 2197 penetralia
932 2135 1000 2190 Vella

220 2236 271 2289 745
282 2223 358 2274 Farre
367 2223 415 2290 pio
427 2226 452 2275 δι
462 2225 540 2290 plena
550 2225 661 2291 supplex
667 2241 822 2282 veneratur
828 2236 933 2288 acerra,

276 2320 420 2387 Extemplo
431 2321 519 2373 socios
530 2359 538 2382 ‚
549 2320 719 2387 primumque
732 2327 844 2380 arceffit
855 2332 981 2392 Acestem

276 2418 310 2470 Et
320 2418 333 2470 J
337 2417 399 2469 ovis
411 2417 555 2484 imperium
567 2455 575 2480 ,
593 2418 619 2468 u
630 2419 685 2468 cari
695 2435 838 2489 praecepta
851 2431 972 2495 parenzis

277 2517 395 2578 Edocet,
409 2514 435 2566 δι
445 2531 504 2583 quae
513 2531 585 2590 punc
597 2515 688 2567 animo
701 2516 842 2574 sententia
855 2528 970 2581 constet.

279 2615 357 2666 Haud
367 2629 442 2664 mora
450 2609 566 2664 confiliis
577 2648 585 2672 ,
598 2627 647 2662 nec
658 2610 723 2675 luffa
734 2618 845 2670 recusat
857 2624 978 2678 Acestes.

222 2709 471 2779 750Transcribunt
480 2707 538 2760 urbi
548 2721 659 2768 matres,
670 2711 867 2781 populumque
881 2724 1014 2774 volentem

280 2808 446 2872 Deponunt,
459 2805 563 2857 animos
575 2808 612 2856 ml
623 2822 724 2874 magna
736 2809 827 2864 laudis
842 2831 970 2885 egentes.

278 2901 330 2972 Ipsr
343 2901 450 2954 transtra
461 2920 580 2966 novant,
594 2903 759 2971 flammisque
775 2911 889 2965 ambesa
906 2927 1028 2986 reponunt

280 3003 389 3054 Robora
398 2998 512 3067 navigiis
523 3019 531 3060 3
544 3014 634 3067 aptant
645 3000 785 3067 remosque
797 3010 1004 3086 ementesque,

281 3097 380 3169 Exigui
388 3113 499 3153 numero
511 3134 519 3164 ,
532 3096 577 3153 sed
586 3097 657 3152 bello
669 3094 763 3153 vivida
775 3099 882 3165 virtus,
