2525 3934
341 326 418 429 238
547 290 888 398 AENnrvon
959 349 962 354 ·
1026 304 1030 313 ⁵

282 473 443 540 35olnvidia
455 470 512 524 est?
526 471 552 524 ἃ
563 486 613 522 nos
622 469 661 521 sas
673 482 767 520 extera
779 485 902 538 quaerere
916 486 1004 541 regna.
1051 442 1057 451 ί

336 573 383 624 Me
393 571 474 640 patris
483 568 620 632 Anchisa,
637 566 745 635 quoties
753 567 933 620 humentibus
943 567 1033 621 umbris

335 670 400 719 Nox
410 667 499 734 operit
511 681 610 728 terras,
626 662 735 732 quoties
746 661 817 715 astra
827 663 912 734 ignea
921 665 1034 736 surgunt,

335 766 469 817 Admonet
479 765 508 815 in
520 762 619 816 somnis
632 762 659 813 ἃ
668 761 775 814 turbida
784 776 873 815 terret
885 763 988 833 imago:

336 863 383 914 Me
395 879 460 931 puer
471 859 615 923 Ascanius,
627 857 777 927 capitisque
790 857 966 924 injurianti,

282 973 311 1025 35
320 977 329 1026 ς
340 960 428 1025 Quem
438 974 520 1028 regno
531 956 666 1026 Hesperie
675 957 771 1010 fraudo
783 957 812 1009 dt
821 959 946 1012 fatalibus
956 958 1027 1010 arvis.

335 1060 413 1109 Nunc
423 1044 503 1108 etiam‘
514 1055 643 1122 interpres
652 1052 774 1116 Divdm,
786 1054 863 1108 Jove
874 1054 966 1109 mifl'us
975 1055 1055 1124 abipso

335 1155 447 1223 (Testor
454 1168 595 1222 utrumque
604 1151 704 1220 caput)
714 1153 817 1204 celeres
828 1156 957 1207 mandata
966 1167 1063 1224 perante

335 1252 458 1304 Detulit:
470 1250 525 1319 ipse
537 1251 626 1303 Deum
637 1247 778 1302 manifesto
788 1249 818 1301 in
829 1252 937 1304 lumine
947 1251 1005 1304 vidi

333 1350 481 1402 intrantem
490 1363 581 1400 muros
591 1385 599 1411 ‚
611 1360 764 1413 vocemque
777 1345 822 1397 his
833 1349 947 1400 auribus
957 1347 1029 1400 haus.

281 1447 438 1513 360Define
449 1463 545 1515 meque
557 1444 611 1497 tuis
619 1443 779 1508 incendere,
791 1459 880 1515 teque
889 1445 1018 1517 querelis:

335 1544 439 1595 ltaliam
449 1560 505 1596 non
515 1544 610 1612 sponte
619 1541 726 1610 sequor.

371 1640 446 1692 Talia
456 1640 587 1692 dicentem
597 1638 748 1704 jamdudum
760 1639 860 1692 aversa
870 1654 979 1705 tuetur,

335 1739 395 1790 Huc
405 1738 467 1790 illuc
475 1737 592 1788 volvens
602 1737 697 1786 oculos
709 1753 717 1794 3
727 1749 880 1806 totumque
890 1750 1005 1807 pererrat

336 1835 491 1890 Luminibus
503 1831 610 1896 tacitis,
623 1831 650 1882 δι
659 1830 694 1883 fic
703 1833 815 1885 accensa
825 1836 965 1903 profatur:

281 1941 329 2008 365
339 1937 395 1988 Nec
405 1933 453 1986 tibi
460 1931 533 1985 Diva
539 1946 633 1999 parens
642 1970 649 1993 ‚
660 1928 765 1998 generis
776 1946 829 1984 nec
836 1933 979 1986 Dardanus
984 1927 1054 1984 audior

336 2031 456 2091 Perside,
468 2031 512 2083 sed
524 2028 594 2082 duris
604 2026 695 2098 genuit
707 2040 733 2078 te
743 2028 872 2082 cautibus
884 2031 995 2083 horrens

336 2127 465 2179 Caucasus
476 2166 483 2188 ‚
498 2127 681 2195 Hyrcanaeque
692 2122 839 2178 admorunt
849 2129 936 2181 ubera
947 2129 1028 2199 tigres.

334 2227 402 2276 Nam
410 2223 609 2293 quiddiffimulo
619 2225 630 2276 ἒ
641 2237 686 2274 aut
696 2239 753 2290 quae
761 2238 804 2274 me
812 2225 848 2275 ad
855 2225 964 2291 majora
969 2219 1053 2278 reservo?

334 2324 407 2377 Num
416 2321 481 2374 fletu
493 2320 623 2390 ingemuit
634 2318 745 2371 nostro?
759 2335 826 2370 num
838 2323 950 2376 lumina
961 2321 1039 2376 flexit?

281 2423 411 2493 370Num
417 2421 547 2487 lacrymas
553 2416 640 2469 vislus
647 2415 786 2468 deliteant
793 2415 943 2473 miseratus
951 2428 1050 2473 amanteu

336 2522 403 2587 Quae
414 2517 507 2588 quibus
517 2514 659 2566 anteferam
667 2514 677 2564 ?
684 2511 737 2578 jam
746 2509 800 2576 jam
810 2529 864 2566 nec
874 2518 997 2571 maxima
1005 2517 1054 2571 Juu«

335 2620 392 2670 Nec
401 2614 538 2669 Saturnius
547 2613 603 2665 haec
612 2611 697 2664 oculis
711 2610 788 2662 Pater
798 2591 898 2680 aspicit
909 2615 1005 2685 aquis.

335 2714 470 2780 Nusquam
480 2726 536 2764 tuta
548 2708 623 2761 fides.
636 2705 754 2772 Ejectum
765 2706 861 2762 littore
873 2749 881 2774 ,
895 2728 1019 2782 egentem

335 2808 434 2875 Excepi
446 2847 453 2870 ‚
465 2807 575 2876 &regni
585 2808 692 2858 demens
705 2802 733 2854 in
742 2818 817 2872 parte
830 2807 944 2864 locavi:

222 2944 224 2948 -
282 2930 330 2984 375
342 2904 467 2962 Amiffam
477 2902 580 2956 clallem
590 2943 598 2966 ,
610 2900 697 2955 socios
709 2915 825 2982 amorte¹
832 2904 945 2959 reduxi.

337 3007 398 3059 Heu
409 3011 416 3062 l
428 3001 503 3059 furiis
513 3001 618 3058 incensa
626 3000 707 3057 seror.
717 2999 795 3052 Nunc
806 3014 895 3072 augur
903 3003 1024 3073 Apollo,
