2525 3934
332 426 411 500 124
482 395 898 483 Gronor-cou'

290 563 293 567 ’
324 561 486 631 Germana,
500 567 633 638 tonsisque
641 567 730 621 serunt
738 566 857 621 mantilia
865 565 950 622 villis.
1042 568 1047 581 '

322 659 385 714 Pars
395 664 480 731 epulis
491 681 603 718 onerant
612 667 731 731 mensas,
744 667 772 719 δι
782 668 860 734 piena
867 674 1006 734 reponunt

323 757 422 815 Pocula
434 779 441 813 :
453 760 587 814 Panchaeis
599 763 750 815 adolescunt
760 762 865 832 ignibus
877 779 938 816 aree.

270 847 361 914 330Et
370 869 454 908 mater
466 876 473 908 :
485 859 556 925 Cape
566 858 680 911 Maonii
689 859 816 912 carehefia
824 858 940 912 Bacchi:

323 951 434 1007 Oceano
442 951 570 1018 libemus,
582 954 628 1008 ait.
641 953 725 1006 Simul
735 954 791 1022 ipsa
799 968 923 1023 precatur

322 1047 514 1118 Oceanumque
523 1064 625 1118 patrem
637 1064 739 1113 rerum,
750 1049 943 1119 Nymphasque
952 1050 1055 1112 sorores,

322 1145 439 1199 Centum
450 1163 508 1215 quae
520 1145 625 1216 sylvas,
640 1160 747 1199 centum
756 1163 815 1215 quae
827 1145 941 1199 flumina
951 1148 1053 1200 servam.

320 1240 376 1300 Ter
383 1241 487 1311 liquido
498 1243 632 1295 ardentem
641 1241 756 1309 perfudit
765 1242 869 1295 nestore
879 1242 1004 1296 Vestam:

267 1333 316 1399 385
325 1337 378 1390 Ter
389 1338 496 1392 flamma
506 1340 540 1392 ad
550 1339 683 1391 summum
693 1338 755 1391 teffi
766 1338 881 1404 subitan
891 1339 1008 1399 reluxit·,
1095 1364 1096 1374 κ

210 1492 218 1503 ·
321 1433 423 1488 Omine
434 1452 488 1505 quo
497 1434 604 1487 firmans
614 1434 733 1487 annuum
745 1473 753 1499 ‚
769 1435 803 1486 stc
814 1435 909 1504 incipit
921 1436 994 1504 ipsa:

256 1549 258 1554 ·
356 1531 399 1583 Est
408 1533 437 1584 iu
446 1532 590 1601 Carpathio
600 1531 721 1600 Neptuni
729 1532 833 1602 gurgite
841 1548 919 1585 vates
930 1573 938 1597 ,

320 1627 455 1681 Canueus
466 1630 595 1694 Proteus,
609 1644 734 1699 maguum
744 1629 790 1698 qui
799 1629 914 1696 piscibus
926 1646 1015 1700 aequor
1095 1692 1096 1697 η

320 1726 352 1776 Et
362 1724 453 1792 junsio
463 1726 587 1793 bipedum
597 1740 675 1777 curru
683 1724 793 1777 metitur
802 1740 945 1793 equomrn.
994 1754 997 1759 ·
1095 1748 1096 1800 p

266 1821 377 1885 390Hic
387 1837 456 1874 nune
465 1822 591 1874 Emathia
600 1824 712 1890 phitius,
725 1821 892 1890 patriamque
900 1823 993 1877 revisit

320 1920 462 1974 Pallenen:
472 1919 542 1970 huuc
555 1919 581 1971 &
589 1919 726 1989 Nymphae
733 1934 894 2001 veneramur
905 1958 913 1982 ‚
926 1921 955 1971 δι
965 1920 1016 1988 ipse
1095 1937 1096 1973 t

321 2015 486 2070 Grandaevus
498 2016 616 2067 Nereus:
629 2012 709 2066 novit
719 2029 834 2082 namque
844 2014 939 2068 omnia
948 2007 1036 2076 vates,
1095 2046 1096 2072 t

203 2134 205 2138 ·
320 2112 528 2181 Quartint,quar
537 2111 1054 2180 fuerint‚quaemoxvenrurarrahannr.

320 2207 429 2278 Quippe
441 2208 478 2260 ita
489 2211 616 2276 Neptuno
624 2207 712 2260 visum
721 2206 772 2271 est,
784 2206 912 2277 immania
922 2209 995 2274 cuius
1035 2223 1037 2227 ’

267 2319 315 2371 395
325 2306 470 2369 Armenta,
486 2307 512 2357 δι
523 2321 612 2373 turpes
623 2305 706 2372 pascit
717 2305 763 2357 sub
775 2305 879 2374 gurgite
890 2307 1000 2373 phocas.

321 2401 373 2454 Hic
382 2403 445 2466 tibi,
457 2416 535 2464 nate,
548 2401 620 2470 priris
628 2401 726 2453 vinclis
738 2400 880 2469 capiendus
893 2441 900 2464 ‚
913 2417 945 2453 ut
956 2417 1055 2454 omnem

250 2533 254 2539 -
320 2499 450 2568 Expediet
461 2498 547 2551 morbi
556 2499 675 2561 causam,
688 2499 850 2566 eventusque
862 2498 994 2552 secundet.

320 2598 390 2649 Nam
402 2598 455 2650 fine
471 2598 502 2650 vi
515 2599 634 2649 nonulla
646 2597 716 2649 dabit
726 2610 873 2664 precepta,
889 2613 977 2665 neque
989 2597 1056 2649 illum

321 2693 433 2745 Orandit
442 2693 531 2746 flesIes
543 2693 617 2745 :vim
626 2695 718 2745 duram
732 2693 758 2744 ἃ
768 2692 875 2744 vincula
887 2709 967 2760 capto

264 2788 1041 2856 400Tende:dolicircumhaecdemumfrangenrurinanes.

320 2886 378 2956 Ipsa
390 2901 441 2954 ego
451 2898 496 2948 re,
511 2882 613 2939 medios
625 2883 686 2936 etim
697 2884 744 2935 Sol
755 2883 902 2941 accenderit
911 2885 1001 2950 aestus,

321 2983 389 3038 Cim
396 2981 485 3034 sitiunt
493 2981 594 3042 herba,
605 2979 632 3031 &
641 2977 732 3047 pecori
741 2976 794 3042 jam
805 2977 907 3048 gratior
914 2983 1007 3036 umbra
1012 2978 1054 3043 est.

320 3083 352 3145 ln
361 3080 458 3135 secreta
466 3076 536 3132 senis
546 3078 653 3142 ducam,
666 3074 721 3146 qut
729 3073 807 3132 sessus
817 3076 849 3130 ab
857 3075 958 3131 undis--
