2525 3934
349 410 404 516 96
500 402 921 493 Geonorcou
1029 486 1034 494 .

293 587 342 640 2¹5
353 573 445 642 Carpit
452 575 524 628 enim
533 576 605 630 vires
614 577 741 645 paulatim
754 617 761 641 ,
775 577 881 646 uritque
892 577 1011 630 videndo
1046 566 1050 578 ⁵

347 671 514 735 Feminnnec
523 691 663 726 nemomm
669 673 930 743 patirurmeminiss'e,
938 691 988 727 nec
994 674 1083 727 herba:

286 798 288 803 ·
347 766 476 820 Dulcibus
487 769 532 820 illa
541 770 648 837 quidem
660 771 806 834 illecebris,
823 771 850 822 bc
859 769 927 838 sape
937 771 1057 839 superbos

347 862 480 916 Cornibus
490 865 559 918 inter
568 867 594 918 se
606 867 702 936 subigit
711 869 849 920 decernere
859 880 988 921 amantes.

347 958 462 1012 Pascitur
471 961 500 1012 in
509 978 602 1031 magna
611 962 688 1031 sylva
698 962 814 1015 formosa
824 961 937 1028 iuvenca
949 981 957 1016 ε

293 1065 346 1108 220
352 1055 395 1106 illi
409 1057 567 1108 alternantes
583 1057 667 1109 multa
677 1058 708 1108 vi
719 1058 814 1126 proelia
823 1058 935 1110 miscent

348 1151 511 1205 Vulneribus
526 1154 622 1206 crebris
632 1171 641 1213 3
660 1155 726 1207 lavit
736 1169 792 1206 aret
802 1171 916 1222 corpora
925 1154 1042 1226 sanguis,

289 1278 294 1305 -,
347 1246 483 1316 versaque
493 1250 522 1300 in
531 1250 646 1301 obnixos
657 1264 783 1319 urgentur
792 1267 890 1302 cornua
898 1250 974 1303 vasto

349 1345 787 1415 Cumgemitu,reboanrsylvaeque
794 1346 937 1416 &magnus
944 1346 1075 1417 Olympus,

347 1441 404 1493 Nec
415 1420 477 1493 mos
483 1442 609 1493 bellantes
620 1441 673 1493 unai
681 1441 804 1494 stabulare
814 1461 822 1502 3
837 1444 882 1510 sed
891 1447 957 1496 alter

293 1524 343 1604 aas
353 1535 447 1590 Visius
459 1539 512 1590 abit
522 1577 530 1600 ,
546 1536 679 1608 longe'que
689 1537 788 1608 ignotis
797 1538 899 1591 exsulat
908 1541 982 1594 oris:

349 1634 436 1686 Multa
445 1652 554 1704 gemens
564 1635 757 1705 ignominiam,
772 1637 912 1706 plagasque
923 1634 1026 1706 superbi

348 1731 468 1784 Visioris
481 1771 489 1794 ,
504 1746 561 1782 tum
571 1749 639 1800 quos
649 1733 734 1784 amifit
749 1733 847 1785 inultus
857 1748 962 1785 amores
972 1752 981 1792 3

348 1828 382 1880 Er
392 1827 488 1880 stabula
497 1827 649 1896 aspecbans,
666 1829 753 1899 regnis
768 1828 875 1882 excellit
890 1829 979 1882 avitis.

348 1926 419 1996 Ergo
430 1924 506 1979 omni
517 1924 578 1977 curi
589 1924 662 1977 vires
677 1939 800 1987 exercet,
817 1925 843 1976 δι
858 1924 928 1976 inter

291 2037 346 2091 230
352 2024 427 2081 Dura
435 2023 503 2091 jacet
511 2039 616 2090 pernox
625 2020 733 2073 instrato
743 2021 803 2072 saxa
812 2021 892 2072 cubili
902 2060 910 2084 ,

348 2122 493 2174 Frondibus
503 2119 609 2171 hirsutis
620 2119 646 2170 &
656 2117 738 2170 carice
748 2117 832 2184 pastus
842 2116 916 2169 acuti
928 2136 935 2169 ε

287 2272 289 2276 ,
348 2219 381 2270 Et
391 2231 473 2269 tentat
482 2216 553 2278 sese,
566 2230 645 2282 atque
657 2213 731 2265 irasci
747 2212 776 2263 in
789 2229 889 2264 cornua
898 2211 973 2265 discit

346 2313 457 2366 Arboris
469 2313 583 2365 obnixus
593 2328 707 2374 tmnco,
725 2310 872 2378 ventosque
886 2310 983 2364 lacessit

347 2411 459 2474 lctibus,
472 2411 498 2462 δι
507 2409 593 2476 sparsi
603 2411 635 2460 ad
644 2424 759 2476 pugnam
768 2408 885 2475 proludit
894 2407 982 2461 areni.

293 2518 342 2572 235
351 2506 411 2560 Pbsi
421 2548 429 2570 ,
438 2507 484 2560 ubi
495 2505 636 2559 collecium
649 2507 728 2557 robur
739 2545 746 2568 ,
762 2505 885 2573 viresque
897 2520 1009 2573 receptae
1020 2544 1027 2569 ,

347 2605 428 2675 Signa
439 2620 547 2666 movet,
559 2604 726 2672 praecepsque
734 2603 847 2655 oblitum
856 2602 938 2654 fertur
945 2604 973 2654 in
978 2601 1083 2655 hostem.

349 2701 455 2756 Fluitus
464 2717 494 2754 ut
504 2701 532 2752 in
542 2700 631 2753 medio
641 2699 725 2768 coepit
734 2700 793 2751 crim
803 2699 931 2752 albescere
940 2715 1042 2767 ponto,

347 2798 483 2868 Longius,
499 2815 534 2850 ex
544 2799 651 2865 altoque
664 2787 748 2848 smum
760 2795 857 2847 trahit:
870 2810 953 2864 utque
961 2799 1067 2848 volutus

346 2897 387 2947 Ad
397 2908 497 2956 terras,
513 2891 629 2945 immane
639 2892 715 2944 sonat
726 2908 772 2958 per
783 2892 844 2943 saxa
857 2931 864 2954 ,
879 2909 928 2944 nec
939 2892 999 2960 ipso

278 2968 342 3057 *240
348 2993 446 3046 Monte
457 2983 547 3042 mitior
555 2988 706 3057 procumbit
716 3007 724 3047 3
740 3003 766 3039 at
778 2989 831 3040 ima
843 2987 967 3042 exaesiuat
979 2991 1046 3042 unda

344 3087 517 3149 Vorticibus,
529 3087 683 3156 nigramque
696 3081 748 3136 alt'e
759 3082 883 3149 subjesiat
898 3102 1014 3140 arenam.

998 3184 1079 3237 Omne
