2525 3934
297 425 351 483 20
479 396 856 482 Brscozrcr.

297 571 419 624 Carmina
433 570 553 640 descripsi
569 610 577 635 ‚
595 572 621 624 δι
637 572 774 624 modulans
789 573 889 622 alterna
905 565 1011 630 notavi¹

243 678 272 730 ις
293 651 420 736 Experiar
435 689 443 721 z
458 683 488 721 tu
502 668 596 721 deinde
610 667 701 733 jubeto
716 680 798 719 certet
812 665 955 733 Amyntas.
983 661 988 677 ‘

520 765 807 817 Mauricas

294 861 377 914 Lenta
391 858 457 912 salix
472 863 598 929 quantum
613 861 722 929 pallenti
738 860 806 912 cedit
823 857 921 920 oliva,

294 956 416 1010 Puniceis
430 957 539 1009 humilis
555 957 681 1025 quantirm
697 956 809 1008 saliunca
825 954 941 1013 rosetis,

295 1054 406 1114 Judicio
415 1053 504 1107 nostro
518 1055 620 1107 tannim
635 1054 683 1106 tibi
701 1054 770 1105 cedit
784 1053 927 1121 Amyntas.

369 1175 372 1177 Δ
446 1198 449 1202 .
517 1154 520 1159 ’
557 1151 589 1202 Μ
606 1164 626 1201 ο
644 1165 660 1200 1²
676 1163 689 1200 s
708 1163 729 1201 υ
747 1164 770 1201 s.

296 1248 347 1300 Sed
355 1262 385 1299 tu
394 1248 478 1300 desine
489 1250 580 1315 plura,
592 1263 674 1314 puer:
688 1243 851 1298 succeffimus
862 1257 953 1296 antro.

240 1352 276 1391 20
294 1342 455 1395 Exstinstum
469 1343 601 1412 Nymphae
616 1343 714 1394 crudeli
728 1342 818 1394 funere
834 1340 974 1407 Daphnim

234 1448 245 1476 -“
295 1440 424 1493 Flebant:
443 1457 495 1493 vos
512 1439 598 1510 coryli
614 1438 708 1501 testes,
725 1436 870 1490 &flumina
881 1435 1031 1506 Nymphis,

295 1538 365 1589 Ctim
379 1538 519 1604 complexa
534 1535 574 1587 sui
591 1552 687 1604 corpus
702 1532 847 1585 miserabile
863 1532 938 1597 nati,
1028 1592 1032 1609 .-

294 1634 383 1702 Atque
397 1634 473 1685 Deos
487 1646 565 1701 atque
580 1631 644 1684 alita
657 1647 738 1685 vocat
752 1629 865 1683 crudelia
881 1643 977 1687 mater.

294 1731 360 1781 Non
373 1729 422 1780 ulli
435 1727 521 1797 pastos
536 1728 589 1781 illis
607 1707 684 1798 egere
700 1729 790 1780 diebus
1030 1791 1032 1798 Ι

238 1839 272 1892 25
293 1824 1045 1894 Frigida‚Daphni,bovesadflumina:nullanequeamnet

294 1922 401 1975 Libavit
411 1923 576 1991 quadrupes,
590 1940 640 1976 nec
649 1922 773 1992 graminis
785 1921 873 1991 attigit
883 1922 1001 1977 herbam.

294 2020 421 2090 Daphni,
433 2035 508 2072 tuum
520 2020 619 2073 Poenos
629 2019 710 2073 etiam
719 2017 872 2088 ingemuiffe
883 2021 979 2072 leones

294 2117 433 2169 interitum
446 2157 453 2181 ‚
471 2117 627 2187 montesque
639 2117 688 2170 seri
697 2117 832 2187 sylvaeque
842 2118 999 2184 loquuntur.

294 2214 416 2282 Daphnis
429 2215 455 2265 δι
463 2214 600 2266 Armenias
611 2230 688 2266 curru
697 2212 850 2281 subjungere
860 2211 943 2281 tigres

240 2323 276 2378 30
292 2309 392 2364 institui
397 2326 407 2361 t
420 2329 428 2369 3
444 2309 564 2376 Daphnis
578 2309 677 2360 thiasos
689 2308 811 2360 inducere
822 2308 943 2368 Bacchea
992 2295 994 2298 ¹

294 2407 327 2458 Et
341 2405 414 2459 foliis
425 2406 508 2457 lentas
524 2386 645 2458 intexere
660 2405 783 2457 mollibus
798 2403 891 2457 hastas.

294 2486 368 2556 Vitis
383 2517 413 2554 ut
427 2498 561 2554 arboribus
578 2501 668 2553 decori
683 2501 739 2564 esi,
757 2514 786 2552 ut
800 2500 901 2554 vitibus
916 2521 996 2570 uva,
1027 2484 1031 2499 ι

293 2601 333 2652 Ut
345 2597 465 2668 gregibus
478 2595 563 2659 tauri,
581 2597 682 2666 segetes
693 2612 723 2649 ut
734 2597 875 2668 pinguibus
891 2601 964 2653 arvis
977 2620 986 2661 ·‚

293 2695 337 2748 Tu
348 2686 426 2747 decus
436 2709 515 2745 omne
525 2691 587 2746 tuis.
600 2691 740 2763 Postquam
754 2707 780 2745 te
795 2693 851 2745 fata
863 2697 1000 2763 tulerunt,

241 2811 272 2868 35
294 2793 352 2861 Ipsa
369 2791 442 2843 Pales
458 2808 553 2860 agros,
569 2803 648 2862 atque
663 2791 719 2860 ipse
735 2791 842 2860 reliquit
856 2793 969 2860 Apollo,

296 2888 412 2943 Grandia
422 2888 490 2956 saepe
503 2887 595 2956 quibus
606 2888 788 2940 mandavimus
797 2890 896 2942 hordea
905 2890 984 2946 sulcis
995 2933 1003 2958 ‚
1025 2889 1030 2906 ¹

294 2985 392 3042 Infelix
406 2984 520 3048 lolium,
539 2984 676 3038 &steriles
691 2985 860 3038 dominantur
871 3005 975 3046 avenae.

294 3081 435 3140 ueneni
445 3080 540 3148 viola,
555 3098 606 3153 pro
620 3098 754 3154 purpureo
766 3081 891 3151 narcisso,
958 3136 970 3140 ,,
995 3071 999 3077 ’
1024 3080 1029 3099 “’
