2525 3934
317 417 396 496 208
504 406 845 497 'AEuaroos

259 580 312 638 350
319 575 461 644 Pergama,
476 575 504 628 δι
514 591 631 631 arentem
642 577 744 631 Xanthi
754 575 922 648 cognomine
935 574 1025 631 tivunt

278 678 280 682 '
312 671 456 741 Agnosco,
471 675 603 744 Scaeaeque
614 674 760 745 amplctior
774 677 871 727 lirnina
885 689 984 743 porte.
1033 686 1038 698 ’

195 771 200 777 “
313 769 435 821 Necnon
446 771 577 826 &Teucri
589 773 660 826 socii
672 773 747 826 timul
758 774 822 826 urbe
838 773 975 829 fruuntur·

313 866 378 918 Illos
388 869 535 936 porticibus
545 872 606 923 Rex
613 871 757 939 accipiebat
766 869 796 921 in
806 870 918 938 amplis.

313 964 392 1017 Aulai
403 965 432 1018 in
443 967 533 1019 medio
542 968 658 1021 libabant
665 970 761 1035 pocula
772 965 888 1030 Bacchi,

262 1067 309 1122 355
319 1062 454 1131 impolitis
467 1079 532 1116 auro
543 1065 670 1131 dapibus,
686 1063 843 1131 paterasque
854 1062 986 1115 tenebant.

351 1159 463 1228 Jamque
473 1160 529 1212 dies
539 1163 657 1229 alterque
666 1161 722 1212 dies
734 1158 878 1228 proceffit3
892 1161 922 1213 dt
931 1176 999 1214 aura

315 1255 384 1307 Vela
396 1271 496 1309 vocant
508 1295 516 1320 ,
530 1257 686 1326 tumidoque
698 1255 805 1309 inflanrr
815 1254 935 1309 carbasus
947 1255 1040 1310 austro.

316 1352 366 1404 His
375 1368 465 1407 vatem
475 1354 614 1424 aggredior
622 1353 699 1407 diuis
710 1368 758 1417 ,ac
768 1353 832 1406 talia
841 1353 931 1422 quaeso
944 1371 951 1406 :

317 1448 487 1520 Troiugena,
499 1449 630 1518 interpres
642 1450 746 1503 Divum
757 1490 765 1515 ,
776 1452 824 1518 qui
831 1451 944 1503 numina
952 1446 1055 1512 Pboebi,

264 1541 316 1606 360
325 1546 379 1612 Qui
389 1551 526 1618 tripodas,
539 1548 620 1600 Clarii
627 1551 735 1612 lauros,
748 1548 794 1618 qui
806 1548 891 1602 sidera
901 1549 1000 1612 sentis,

293 1700 295 1702 ,
318 1644 351 1697 Et
362 1648 504 1698 volucrum
515 1646 638 1716 litigius,
652 1645 679 1699 δι
687 1636 812 1714 propetis
822 1646 920 1700 omina
928 1662 1033 1716 penna,

319 1743 382 1794 Fare
388 1759 435 1812 age
443 1745 453 1812 (
461 1760 574 1812 namque
581 1761 690 1796 ornnem
697 1743 801 1796 cursum
807 1743 876 1796 mihi
883 1739 1068 1814 prosperndixil

318 1838 435 1908 Relligio
446 1856 452 1889 :
464 1838 491 1889 ἃ
501 1838 588 1890 cuncti
601 1838 735 1892 suaserunt
745 1840 936 1894 numineDivi

319 1936 422 1989 ltaliam
433 1949 541 2004 petere,
555 1936 583 1988 δι
590 1951 673 1989 terras
684 1934 786 1989 tentare
798 1936 935 2006 repostas:

266 2031 314 2097 365
324 2036 386 2088 Sola
395 2051 499 2088 novum
510 2034 631 2104 dibiuque
644 2036 716 2088 nefas
729 2035 848 2105 Harpyia
861 2037 976 2090 Celaeno

320 2132 474 2202 Prodigium
485 2133 573 2197 canit,
586 2134 612 2186 δι
621 2131 705 2185 tristes
715 2133 851 2209 denuntiat
863 2133 933 2197 itas,

320 2229 534 2297 Obscoenamque
548 2230 665 2299 famem)
677 2249 735 2300 quae
744 2232 830 2300 prima
841 2231 962 2299 pericula
974 2231 1052 2284 viro?

320 2327 428 2393 Quidve
438 2327 567 2396 sequens,
583 2343 671 2380 tantos
683 2327 787 2396 polium
799 2328 920 2397 superare
929 2332 1056 2385 labores?

321 2425 372 2478 Hic
383 2426 498 2477 Helenus
508 2463 516 2487 ,
532 2423 602 2477 caests
611 2424 726 2492 primum
737 2427 768 2477 de
778 2442 852 2478 more
860 2425 988 2490 juvencis
998 2466 1008 2494 ,

266 2532 319 2587 370
325 2522 424 2573 Exorat
434 2538 525 2590 pacem
534 2520 638 2573 Divum
648 2560 655 2583 ,
665 2521 796 2590 vittasque
806 2522 922 2574 resolvit

320 2619 420 2673 Sacrati
430 2618 524 2686 capitis
536 2637 545 2679 ·,
560 2635 656 2688 meque
666 2621 698 2671 ad
708 2634 753 2672 tua
766 2619 878 2683 limina,
892 2621 1012 2686 Phoebe,

320 2717 378 2786 Ipse
388 2734 468 2770 manu
479 2718 565 2769 multo
574 2715 724 2784 suspensum
735 2716 843 2768 nurnine
852 2715 935 2771 ducit.

320 2816 408 2883 Atque
416 2816 472 2867 haec
484 2814 577 2867 deinde
586 2811 657 2866 canit
666 2812 759 2864 divino
771 2828 806 2864 ex
815 2828 862 2864 ore
872 2812 1018 2871 sacerdos:

320 2913 389 2962 Nate
400 2908 459 2961 Dea
471 2948 480 2972 ,
492 2925 554 2961 nam
564 2923 591 2961 te
603 2907 745 2974 majoribus
756 2906 795 2960 ire
804 2924 852 2976 per
861 2911 948 2964 altum
967 2958 970 2963 ,

267 3021 315 3074 375
326 2986 456 3075 Auspiciis
469 3007 602 3060 manifesta
611 3006 676 3060 fides
687 3026 695 3059 :
705 3007 739 3060 fic
747 3008 799 3061 fata
807 3008 897 3060 Dessrn
907 3027 959 3064 rex

322 3103 452 3170 Sortitur,
463 3104 605 3175 volvitque
613 3103 703 3167 vices,
716 3103 739 3158 is
748 3104 861 3159 vertitur
869 3107 954 3161 ordo.

219 3324 349 3472 ,κ
430 3360 434 3365 ,
