2525 3934
312 469 315 473 -
381 413 637 497 Libra
694 407 801 495 III.
898 440 972 517 107

226 581 363 636 'Ardebant
373 621 380 644 ,
392 580 493 650 ipsique
502 581 564 633 suos
574 579 627 647 jam
636 593 725 632 morte
734 579 780 632 sub
790 595 859 648 aegra

230 682 242 746 (
253 681 302 733 Dii
313 679 426 733 meliora
434 678 503 747 piis,
512 695 684 746 erroremque
693 675 809 729 hostibus
821 674 897 728 illum
908 677 915 728 l
925 675 938 744 >

229 776 446 835 Disciffos'nudis
457 775 593 829 laniabant
604 775 725 827 dentibus
737 788 819 828 artus.

265 875 332 927 Ecce
342 887 431 926 autem
441 875 507 925 duro
516 873 622 925 firmans
630 871 677 924 sub
685 889 796 925 vomere
805 887 895 925 taurus
981 873 1030 927 515

231 971 359 1024 Concidit
371 966 420 1034 ,δι
429 970 546 1022 mixtum
555 967 656 1036 spumis
664 969 754 1023 vomit
763 958 811 1023 or'e
820 985 958 1035 cruorem,

229 1068 425 1136 Extremosque
441 1065 494 1119 ciet
503 1066 617 1136 gemitus
631 1065 673 1118 :it
682 1065 760 1119 tristis
771 1081 877 1129 arator,

230 1168 398 1218 Moerentem
411 1163 552 1234 abiungens
560 1163 675 1217 fraterni
685 1178 772 1216 morte
780 1162 940 1229 juvencum,

231 1265 321 1330 Atque
331 1278 411 1330 opere
419 1262 449 1315 in
457 1263 546 1316 medio
555 1261 644 1315 defixa
652 1262 779 1331 relinquit
790 1275 884 1315 aratra.

231 1361 522 1412 Nonumbraealtorum
529 1375 681 1422 nemorum,
689 1375 746 1411 non
752 1358 847 1410 mollia
852 1355 958 1426 potsunt
981 1362 1034 1416 520

224 1449 309 1512 'Prata
320 1473 432 1510 movere
443 1456 581 1518 animum,
592 1471 649 1508 non
660 1454 707 1524 qui
718 1471 767 1523 per
777 1455 842 1507 saxa
850 1458 959 1510 volutus

230 1554 327 1607 Purior
335 1552 434 1606 elefno
446 1568 572 1620 campum
584 1552 652 1628 petit
664 1551 751 1605 amnis
761 1571 769 1605 ι
779 1566 806 1605 at
814 1552 871 1607 ima

231 1652 381 1703 Solvuntur
389 1651 573 1717 latera‚atque
584 1650 678 1700 oculos
688 1648 860 1720 stuporurget
869 1649 977 1714 inertes,
1021 1708 1023 1712 ,

231 1749 274 1800 Ad
283 1763 433 1814 terramque
442 1744 503 1798 fluit
511 1746 616 1798 devexo
624 1747 741 1814 pondere
751 1746 854 1802 cervix.

230 1843 306 1912 Quid
311 1847 442 1910 laborant
447 1842 580 1898 benefffla
585 1843 769 1913 juvanthuid
774 1848 973 1922 vdmerererras
984 1852 1031 1905 525

229 1941 370 1996 Invertiffe
382 1959 476 2012 graves
485 1943 497 1995 ἓ
513 1940 596 2010 Atqui
607 1958 666 1993 non
674 1940 782 1993 Maffica
790 1940 888 1993 baculu

232 2040 347 2093 Munera
358 2080 365 2104 ,
382 2056 439 2092 non
448 2039 503 2092 illis
513 2040 598 2106 epulae
607 2054 723 2090 nocuere
732 2015 842 2104 repostae
853 2055 860 2089 ε

231 2138 380 2190 Frondibus
390 2139 417 2190 &
425 2136 500 2190 vitiu
511 2137 654 2206 pascuntur
664 2135 790 2203 simplicis
799 2135 901 2189 berbae:

234 2235 336 2286 Pocula
348 2234 407 2286 sunt
416 2237 504 2287 fontes
516 2232 631 2302 liquidi,
646 2247 726 2301 atque
739 2235 943 2288 exercitacursu

232 2331 377 2392 Flumina3
392 2348 441 2385 nec
452 2333 562 2385 somnos
572 2331 705 2400 abrumpit
713 2346 775 2384 cura
784 2325 907 2386 salubres.
986 2341 1037 2396 530

271 2432 407 2506 Tempore
416 2446 473 2482 non
482 2429 536 2482 alio
545 2429 636 2482 dicunt
645 2429 798 2498 regionibus
806 2429 861 2481 illis
1000 2419 1004 2426 ’

232 2529 362 2596 Quantas
374 2530 405 2582 ad
414 2529 485 2580 sacra
497 2529 581 2580 boves
591 2527 707 2582 lunonis
720 2566 728 2589 ‚
745 2527 772 2578 δι
782 2526 838 2580 uris

231 2626 381 2694 Imparibus
393 2625 486 2677 dustos
496 2626 549 2676 alta
559 2623 591 2676 ad
601 2624 712 2677 donaria
723 2640 824 2677 currus.

231 2725 304 2794 Ergo
321 2739 389 2792 aegre
401 2721 594 2774 rastristerram
603 2720 753 2785 rimantur,
770 2721 868 2790 &ipfis

232 2820 375 2890 Unguibus
387 2819 521 2872 infodiunt
535 2820 642 2888 fruges,
658 2818 815 2887 montesque
825 2835 872 2888 per
882 2822 953 2874 alros'
986 2830 1035 2886 535

238 2915 375 2970 Contenti
385 2916 492 2969 cervice
505 2915 755 2969 trahuntstridentia
770 2915 890 2986 plaustra.
950 2921 953 2926 '

244 3001 246 3008 ⁸
272 3016 336 3066 Non
347 3017 425 3082 lupus
436 3014 540 3068 infidias
550 3017 676 3085 explorat¹
685 3014 772 3068 ovilia
780 3015 896 3079 circum,

235 3112 293 3166 Nec
305 3111 427 3183 gregibus
438 3112 584 3168 nodturnus
593 3115 746 3170 obambulat
757 3131 766 3174 ς
781 3110 868 3164 acrior
879 3112 958 3175 illum
1001 3180 1005 3187 ἱ

468 3236 471 3242 ·
787 3206 857 3274 Eri
883 3269 884 3273 Ἰ
952 3226 957 3233 ·
1014 3219 1016 3223 ’
