2525 3934
506 383 697 449 VITA.
918 381 986 471 nij

235 515 298 578 Diu
313 517 469 598 quaeritans
483 517 654 600 Augustus,
672 515 817 600 cujusnam
839 520 870 580 hi
887 520 988 582 versus

237 619 353 694 client,
370 641 475 682 eorum
487 623 634 684 audlorem
651 644 712 685 non
725 624 892 685 inveniebat
902 645 913 699 ;
924 623 987 684 Ba·

237 725 347 806 thyllus
356 729 431 787 vero
442 772 453 800 ,
464 725 556 788 Po'e'ta
566 727 686 808 quidam
699 726 872 803 mediocris,
882 745 986 790 tacen-

235 828 311 890 tibus
324 831 386 890 aliis
399 876 410 905 ‚
426 830 478 890 fibi
488 828 642 910 adscripsit.
654 829 755 909 Quam
765 831 804 891 ob
815 851 877 892 rem
888 832 983 893 dona·

232 950 279 995 tus
295 935 517 1015 honoratusque
536 955 552 992 a
569 932 685 994 Caesare
702 931 765 993 fuit.
784 934 876 1012 Quod
894 957 981 1016 aequo

179 1066 180 1071 ¹
231 1045 333 1100 animo
361 1060 424 1100 non
452 1037 549 1099 ferens
569 1037 737 1119 Virgilius,
762 1037 862 1099 iisdem
886 1043 981 1103 valvis

178 1074 194 1191 l
230 1142 323 1204 affixit
337 1159 441 1225 quater
453 1143 510 1203 hoc
522 1144 718 1224 principium:

271 1273 317 1323 Sic
332 1289 376 1322 vot
393 1290 440 1323 non
451 1273 518 1324 vobis
538 1307 922 1332 ..............

228 1389 399 1452 Postulabat
413 1348 578 1474 Augustus,
592 1408 624 1451 ur
642 1391 671 1451 hi
685 1389 784 1453 versus
796 1391 980 1474 compleren-

226 1513 298 1558 tur:
316 1494 399 1578 quod
422 1498 489 1556 clun
514 1495 615 1556 frustra
638 1499 734 1558 conati
758 1495 847 1559 ellent
865 1497 978 1580 aliqui,

224 1597 373 1682 Virgilius
385 1642 395 1673 ,
405 1600 562 1682 praeposrto
577 1599 695 1662 disticho
706 1646 716 1677 ‚
727 1599 764 1661 fic
775 1598 916 1681 subjrtnxit
927 1623 936 1662 :

265 1754 323 1809 Hos
338 1771 383 1824 ego
397 1754 521 1820 reparatos
531 1754 602 1821 feci3
620 1757 678 1806 tulit
695 1752 758 1807 alrr‘r
774 1758 884 1811 honoret.

303 1827 349 1878 Sic
367 1845 409 1877 vos
427 1846 474 1878 non
493 1829 559 1878 robis
576 1829 705 1898 nidificans
723 1847 787 1879 aver.

302 1900 348 1951 sic
366 1917 408 1950 vos
426 1918 474 1950 non
492 1901 559 1951 robis
576 1903 668 1952 vellera
678 1902 750 1968 serris
765 1919 830 1953 oves.

303 1974 348 2025 Sic
366 1991 409 2024 vor
428 1991 476 2025 non
495 1973 562 2024 robis
580 1975 724 2043 melbficarr's
745 1991 812 2040 apes.

302 2046 347 2098 Sic
365 2064 407 2097 vos
425 2065 474 2097 non
492 2045 559 2096 vobis
572 2045 644 2112 fertis
659 2063 741 2097 aratra
753 2047 834 2098 bores.

225 2167 306 2249 Quo
318 2170 456 2251 cognito,
466 2169 641 2250 aliquamdiu
651 2169 803 2251 Bathyllus
811 2169 914 2233 Romae
927 2171 974 2233 fa-

225 2273 299 2333 bula
304 2271 359 2332 fuit
368 2271 470 2345 ,Maro
478 2275 552 2334 verb
563 2275 725 2334 exaltatior.
732 2273 810 2335 Clam
817 2278 840 2335 is
848 2277 975 2359 eliquan-

178 2448 182 2468 Ι
227 2376 270 2437 do
291 2374 419 2435 Ennium
436 2377 467 2435 in
485 2396 575 2435 manu
593 2375 743 2451 haberet,
763 2396 975 2461 rogareturque

228 2480 367 2567 quidnam
377 2477 719 2560 faceret;respondit,se
728 2503 827 2542 aurum
835 2483 975 2564 colligere

200 2626 202 2633 .
232 2581 273 2643 de
280 2581 405 2669 stercore
416 2582 513 2645 Ennii.
526 2585 624 2647 Habet
642 2587 721 2647 enim
730 2584 819 2645 Poe'ta
828 2586 876 2646 ille
886 2606 973 2668 egre·

178 2498 208 2839 ³
236 2687 290 2766 glas
302 2687 455 2750 sententias
464 2688 514 2750 sub
526 2692 624 2751 verbis
641 2712 702 2752 non
718 2691 839 2750 multum
854 2692 973 2751 ornatis.

200 2844 205 2855 ,
239 2788 421 2876 Interroganti
435 2792 567 2876 Augusto
576 2815 635 2876 quo
646 2793 731 2875 pallo
741 2796 840 2855 civitas
850 2793 972 2854 feliciter

209 2886 211 2891 ’
245 2895 457 2974 gubernaretur:
472 2895 502 2956 Si
511 2897 713 2977 prudentiores
726 2941 735 2971 ‚
749 2898 840 2978 inquit
851 2940 861 2970 ‚
871 2910 974 2957 terno·

248 3003 481 3081 demeruerint,
499 3001 532 3062 &
554 3001 627 3064 boni
644 3000 725 3062 malis
744 3015 976 3083 praeponantur:
