2525 3934
225 444 228 452 '
312 433 1048 512 “munaum-⁷

396 632 607 702 LIBER
649 631 973 703 TERTIUS.

311 733 390 852 ΤΕ
397 819 608 872 quoque,magna
614 803 698 868 Pales,
706 804 774 866 &te,
781 803 964 865 memorande,
971 812 1086 863 canemus,⁴

311 894 400 947 Pastor
410 899 441 948 ab
451 899 602 969 Amphryso
616 918 623 952 ε
635 918 687 953 vos
699 901 797 970 sylvae,
807 899 951 967 amnesque
957 895 1049 967 Lycei.

244 1036 247 1042 ,
312 994 407 1045 Cetera
416 1011 474 1063 quae
485 1012 582 1048 vacuas
592 996 733 1049 tenuiffent
745 997 861 1049 cumina
871 1011 976 1049 mentes
986 1035 994 1059 ‚

313 1068 413 1142 &unia
423 1090 476 1156 jam
488 1095 604 1162 vulgata.
616 1094 684 1158 Quis
694 1108 738 1146 aut
747 1092 890 1162 Eurysthea
901 1094 1014 1158 durum,

217 1244 222 1255 Ι
279 1195 290 1246 5
312 1185 366 1238 Aut
377 1186 495 1241 illaudati
505 1189 588 1241 nescit
599 1190 722 1241 Busiridis
732 1192 805 1243 atas?
1026 1245 1031 1253 ,

314 1285 365 1336 Cui
378 1301 434 1337 non
445 1286 528 1338 didius
542 1288 626 1356 Hylas
637 1305 720 1354 puer,
738 1289 766 1339 δι
775 1287 890 1340 Latonia
898 1289 1003 1352 Delos,

313 1381 720 1453 Hippodameque‚humeroque
727 1384 823 1453 Pelops
830 1384 940 1454 inriguis
948 1387 1050 1445 eburno,

312 1479 382 1530 Acer
388 1480 462 1548 equis
471 1481 623 1532 ?Tentanda
629 1482 675 1533 via
682 1481 732 1544 est,
743 1480 842 1550 qudme
849 1479 1051 1550 quoquepoffim

314 1573 423 1627 Tollere
434 1577 517 1626 humo
529 1615 536 1638 ,
552 1576 692 1645 victorque
702 1577 791 1628 virum
799 1578 916 1631 volitare
925 1595 974 1646 per
983 1593 1037 1631 ora.

262 1685 296 1722 ιο
314 1669 417 1723 Primus
428 1687 480 1740 ego
490 1672 518 1722 in
527 1672 638 1740 patriam
645 1690 747 1724 mecum
756 1675 766 1740 (
776 1671 857 1725 modd
864 1674 922 1726 vita
931 1674 1052 1743 superfit)

315 1767 406 1820 Aonio
418 1767 520 1820 rediens
531 1770 655 1820 deducam
664 1770 765 1822 vertice
776 1770 866 1822 Musas
877 1789 886 1824 t

316 1866 419 1918 Primus
430 1866 556 1919 idumaeas
567 1866 678 1917 referam
689 1865 751 1930 tihi,
765 1867 890 1932 Mantua,
902 1872 1002 1936 palmas
1013 1888 1022 1931 ;

316 1965 349 2014 Et
358 1961 439 2016 viridi
450 1963 479 2015 in
488 1979 582 2030 campo
594 1963 723 2029 templum
736 1964 767 2014 de
779 1979 911 2017 marmore
923 1983 1025 2034 ponam

317 2061 429 2129 Propter
438 2076 549 2129 aquam,
562 2059 641 2110 tardis
652 2058 744 2128 ingens
753 2059 799 2111 ubi
808 2060 921 2114 flexibus
932 2079 1002 2117 errat

265 2172 294 2225 15
317 2158 434 2211 Mincius
447 2197 455 2220 ,
475 2158 500 2209 ὅ(
511 2156 601 2209 teneri
613 2156 736 2225 praetexit
747 2157 873 2212 arundine
886 2160 967 2228 ripas.

317 2256 349 2306 ln
358 2254 447 2306 medio
456 2253 522 2305 mihi
533 2254 617 2305 Caesar
626 2253 677 2304 erit
687 2293 695 2317 ‚
707 2256 888 2324 templumque
899 2259 1013 2314 tenebit,

317 2351 360 2404 Illi
371 2350 458 2402 vidior
466 2367 517 2418 ego
528 2389 536 2412 ,
549 2350 576 2401 ἃ
587 2349 673 2418 Tyrio
685 2350 839 2418 conspedlus
849 2351 878 2402 in
887 2352 977 2419 ostro,

319 2453 433 2503 Centum
444 2446 613 2516 quadrijugos
623 2445 727 2516 agitabo
740 2450 771 2499 ad
780 2448 889 2502 flumina
901 2468 1004 2507 curnis,

319 2544 643 2612 cundiamihi‚rllpheum
649 2544 771 2613 linquens
779 2547 904 2615 lucosque
910 2549 1059 2617 Molorchi,

262 2661 297 2699 20
317 2644 438 2698 Curfibus
451 2644 477 2695 ἃ
488 2644 569 2695 crudo
581 2644 703 2694 decernet
719 2642 822 2695 Gracia
833 2643 919 2698 caestu.

315 2742 374 2810 Ipse
386 2755 464 2808 caput
474 2741 556 2793 tonsae
567 2739 640 2794 foliis
658 2755 764 2793 ornatus
777 2741 876 2806 oliva,

315 2841 397 2892 Dona
405 2838 496 2890 feram.
506 2839 519 2892 J
522 2855 564 2888 am
574 2854 643 2889 nunc
653 2837 782 2889 solemnes
795 2840 888 2890 ducere
899 2857 1017 2913 pompas

315 2938 358 2989 Ad
366 2935 470 2988 delubra
479 2932 567 2998 iuvat,
580 2933 711 3005 caesosque
722 2933 812 2987 videre
821 2932 967 3000 juvencos,

315 3035 369 3087 Vel
379 3034 454 3085 scena
468 3047 498 3082 ut
508 3031 589 3082 versis
599 3030 710 3082 discedat
721 3030 852 3083 frontibus
863 3070 870 3095 ‚
883 3047 966 3104 utque

262 3147 293 3203 25
314 3133 447 3202 Purpurea
459 3128 556 3183 intexti
567 3129 663 3184 tollant
674 3130 755 3182 aulea
765 3128 896 3187 Britanni.
