2525 3934
403 315 808 404 mnsam.
895 347 965 403 101

225 480 359 537 Turbidus
369 483 532 552 &torquens
542 481 672 536 flaventes
683 481 746 535 Ister
755 499 846 535 arenas
856 499 866 543 ·‚
979 493 1030 546 350

226 578 341 650 Quique
350 580 417 634 redit
425 568 543 637 medium
554 579 687 647 Rhodope
696 577 817 647 porresm
825 578 872 630 sub
882 593 973 632 axem.

225 678 285 730 Illic
294 678 378 730 clausa
387 691 480 730 tenent
490 675 597 730 stabulis
608 688 743 735 armentas
755 691 841 744 neque
850 675 912 728 ullae

226 776 280 828 Aur
290 777 376 829 berbae
387 790 485 843 eampo
495 784 623 841 apparent
635 811 643 835 ,
661 787 707 824 aur
717 773 810 827 arbore
819 773 945 829 frondes:

226 873 278 924 Sed
285 872 353 939 jacet
362 870 501 942 aggeribus
513 869 602 922 niveis
611 867 734 922 informis
745 869 836 922 &alto

227 969 309 1022 Terra
318 971 380 1039 gelu
390 967 464 1032 lare,
480 968 636 1036 septemque
644 965 751 1037 assurgit
761 966 891 1019 intrinas:
977 982 1026 1036 355

227 1067 339 1133 Semper
349 1066 444 1135 hyems
456 1103 465 1129 ‚
480 1065 583 1132 semper
594 1063 722 1132 spirantes
732 1063 831 1133 frigora
841 1063 929 1118 Cauri.

229 1165 301 1215 Tum
310 1164 357 1218 Sol
368 1164 495 1231 pallentes
505 1163 575 1215 baud
584 1179 712 1230 umquam
722 1161 828 1216 discutit
838 1163 943 1217 umbras
953 1181 962 1222 ·,
1074 1191 1077 1196 -

228 1262 284 1313 Nec
297 1261 357 1314 curn
366 1260 487 1313 luvesbus
494 1260 569 1330 equis
577 1261 660 1311 alturn
666 1259 734 1327 petit
740 1259 850 1335 aethera,
860 1258 974 1313 necerim
1038 1325 1043 1333 ι

228 1358 396 1428 Praecipitem
408 1357 513 1412 Oceani
522 1357 602 1408 rubro
610 1355 678 1408 lavit
687 1371 794 1424 equote
803 1370 917 1411 curnun.

229 1458 410 1510 Concrescunt
418 1454 511 1508 subite
523 1453 638 1506 currenti
647 1452 675 1505 in
687 1451 798 1506 flumine
806 1450 912 1518 crusta,
976 1458 1029 1526 360

228 1554 361 1620 Undaque
371 1550 425 1616 iam
437 1565 513 1619 tergo
525 1549 635 1603 serratos
651 1548 758 1603 sustinet
766 1552 862 1616 orbes,

228 1646 365 1717 Puppibus
377 1646 423 1698 illa
433 1645 505 1714 ptius
514 1644 627 1713 patulis,
643 1663 713 1700 nunc
722 1647 827 1717 hospita
833 1647 971 1717 plaustris3

227 1746 344 1814 AEraque
357 1742 482 1796 diffiliunt
490 1742 592 1813 vulgo,
608 1744 745 1816 vestesque
759 1740 892 1816 rigescunt

229 1844 349 1905 Indutae,
366 1843 521 1910 caeduntque
536 1842 669 1896 securibus
679 1827 788 1896 humida
798 1843 880 1906 vina,

229 1940 261 1990 Et
272 1953 336 1991 totae
348 1938 458 1992 solidam
468 1938 497 1990 in
511 1939 622 2008 glaciem
630 1939 736 2016 uertere
747 1941 846 1992 lacunae
856 1978 881 2003 ,,
977 1945 1025 2012 365

228 2035 360 2103 stiriaque
370 2034 486 2103 impexis
496 2033 613 2086 induruit
623 2034 730 2088 horrida
741 2036 835 2091 barbis.

229 2135 334 2184 Interea
348 2145 407 2184 toro
422 2148 479 2183 non
493 2132 577 2184 secius
592 2132 652 2184 aere
665 2132 769 2203 ningit:

227 2229 365 2280 lntereunt
377 2230 488 2294 pecudes
500 2247 507 2281 z
520 2227 586 2281 siant
595 2229 749 2282 circumfusa
760 2231 862 2298 pruinis

229 2327 352 2392 Corpora
363 2339 456 2394 magna
466 2325 566 2389 boum,
579 2327 754 2396 confertoque
766 2329 870 2398 agmine
880 2331 954 2385 cervi

228 2423 428 2490 Torpentmole
434 2420 516 2484 novi,
524 2421 665 2474 &summis
672 2423 722 2474 vix
727 2424 851 2478 cornibus
857 2427 966 2484 exstant.
977 2445 1029 2498 370

228 2519 287 2572 Hos
299 2534 356 2572 non
367 2515 486 2569 immissis
496 2517 602 2570 canibus
613 2557 620 2580 ,
633 2535 690 2570 non
698 2518 806 2573 caffibus
815 2523 894 2588 ullis,

227 2615 384 2668 Puniceaeve
393 2613 493 2682 agitant
502 2615 613 2681 pavidos
625 2614 767 2669 formidine
776 2634 870 2686 pennae
881 2639 890 2675 s

226 2713 279 2764 Sed
289 2709 381 2764 frustra
391 2709 544 2779 oppositum
555 2713 689 2764 trudentes
700 2687 806 2779 pestore
816 2732 936 2785 montem

228 2807 360 2865 Cominus
371 2808 528 2859 obtruncant
536 2806 625 2870 ferro,
639 2806 805 2878 graviterque
817 2816 939 2869 rudentes

227 2905 338 2959 Caedunt
349 2944 356 2967 ,
370 2904 396 2955 &
407 2919 505 2972 magno
516 2904 570 2957 laeti
582 2906 697 2958 clamore
708 2922 854 2975 reportant.
977 2932 1024 2985 375

263 3001 314 3073 1ps1
324 3001 354 3056 in
364 2998 468 3055 defossis
480 3001 606 3072 specubus
615 3002 704 3069 secura
712 3004 758 3058 sub
769 3007 822 3061 alra

795 3101 817 3153 E
832 3100 861 3170 iij
