2525 3934
306 436 356 512 28
499 430 875 525 Bvcoztcn.

545 598 801 654 conrnon

301 688 386 740 Setoii
400 705 479 759 caput
491 691 545 746 hot
558 694 615 762 apri
630 694 698 760 tibi,
713 696 810 762 Delia,
825 712 926 766 parvus

245 797 280 850 30
298 786 330 836 Et
345 788 447 840 ramosa
461 789 565 859 Myron
575 792 680 846 vivatis
691 808 790 846 cornua
804 794 889 848 cervi.

299 880 329 933 Si
344 884 483 950 proprium
499 886 551 938 hoe
565 887 662 953 fuerit,
679 888 736 943 ieri
749 892 782 943 de
793 898 930 944 marmore
940 904 996 946 tota

298 979 415 1034 Puniceo
424 980 500 1035 stabis
509 982 580 1037 suras
592 984 698 1040 evineta
708 988 851 1042 mthurno.

549 1076 787 1136 Tartaro

297 1174 391 1228 Sinum
400 1174 488 1239 indiis,
502 1177 594 1229 &hac
602 1188 629 1230 ee
640 1178 711 1241 liba,
722 1176 833 1246 Priape,
844 1179 991 1248 quotannis

298 1256 452 1340 exspectare
461 1271 501 1324 sat
510 1271 547 1324 est
558 1271 660 1332 3custos
670 1288 699 1326 es
707 1272 831 1342 pauperis
839 1275 927 1331 horti.

244 1389 274 1442 35
298 1370 374 1420 Nunc
385 1382 412 1420 te
423 1384 601 1420 marmoreum
612 1384 663 1437 pro
672 1381 794 1436 ternpore
806 1369 921 1426 fecimus
931 1393 940 1427 s
950 1388 1009 1426 artu

297 1464 326 1516 Si
337 1464 433 1517 foetura
444 1480 551 1537 gregem
562 1462 744 1532 suppleverit,
759 1480 854 1518 aureus
868 1467 937 1522 esto.
998 1482 1006 1499 ⁴

215 1560 218 1564 '
542 1563 798 1616 Conrnom

296 1657 396 1712 Nerine
408 1657 535 1721 Galatea,
551 1660 648 1728 thymo
660 1659 726 1712 mihi
737 1658 841 1712 dulcior
852 1660 951 1729 Hyblae
961 1696 969 1726 ,

296 1754 442 1809 Candidior
455 1755 547 1824 cycnis
563 1795 571 1819 ,
587 1756 683 1807 hederi
691 1755 835 1809 formosior
846 1757 923 1821 alba,

298 1853 365 1905 Ciun
377 1850 492 1920 primdm
503 1850 567 1918 pasti
576 1864 697 1919 repetent
708 1852 834 1920 praesepia
845 1853 934 1918 tauri,

240 1970 276 2016 40
295 1949 324 2003 Si
335 1965 388 2020 qua
398 1947 437 2002 tui
450 1947 602 2019 Corydonis
612 1948 689 2000 habet
698 1962 724 2000 te
735 1963 814 2012 cura,
825 1947 934 2004 venito.

557 2045 770 2096 anns1s

297 2145 384 2195 Immo
397 2158 448 2212 ego
458 2141 563 2194 Sardois
574 2141 667 2193 videar
675 2140 723 2191 tibi
735 2141 849 2192 amarior
856 2141 961 2208 herbis,

298 2240 441 2294 Horridior
456 2240 549 2302 rusco,
564 2237 682 2306 projecte
696 2238 780 2290 vilior
793 2237 866 2307 aigi,

296 2341 326 2392 Si
337 2337 403 2391 mihi
415 2352 470 2388 non
478 2337 534 2387 hac
543 2337 590 2386 lux
601 2348 661 2385 toto
670 2333 722 2399 jam
732 2334 840 2403 longior
849 2351 922 2387 anno
931 2335 976 2389 est.

295 2439 335 2488 lte
345 2437 454 2488 domum
466 2431 547 2501 pasti,
563 2432 582 2482 fi
598 2431 657 2499 quis
669 2434 772 2502 pudor,
786 2432 823 2483 ite
835 2471 842 2493 ‚
859 2430 977 2496 juvenci.

542 2530 789 2580 Coarnon

239 2657 271 2708 45
295 2627 411 2682 Muscosi
420 2628 508 2680 fontes
520 2627 573 2700 h&
588 2626 684 2677 somno
699 2625 809 2677 mollior
822 2627 921 2690 herba,

295 2728 328 2778 Et
340 2742 398 2792 quae
408 2740 461 2776 vos
473 2722 530 2777 rard
541 2722 635 2774 viridis
646 2722 711 2791 tegit
721 2723 825 2773 arbutus
837 2721 930 2773 umbri

295 2820 441 2874 Solstitiutn
456 2818 547 2887 pecori
564 2820 711 2871 defendite:
725 2816 778 2884 jam
792 2817 869 2869 venit
884 2818 957 2872 aestas

295 2916 424 2980 Tortida,
439 2914 492 2982 jam
502 2917 565 2966 lato
577 2928 682 2982 ntrgent
691 2913 720 2965 in
730 2915 839 2981 palmite
850 2931 972 2985 gemma.

548 3010 781 3062 Turnsan

295 3110 347 3166 Hic
360 3109 454 3178 fotus,
471 3109 499 3164 δι
513 3107 585 3164 rade
601 3107 712 3181 pingues
722 3125 730 3163 ι
739 3107 782 3164 hic
797 3105 926 3178 plurimus
938 3105 1005 3180 ignis
