2525 3934
420 417 672 499 LIBER
721 410 792 496 II.
898 416 974 513 187

231 589 246 644 J
249 586 395 656 ampridem
407 587 598 649 invisusDivis
612 589 639 640 &
651 587 754 643 inutilis
766 601 852 641 annos

233 685 385 738 Demoror:
393 703 426 738 ex
432 703 486 756 quo
492 685 646 752 ineDivdm
652 685 735 743 Pater¹
740 698 818 753 atque
825 679 967 734 hominum
973 675 1035 728 Rex

234 782 362 835 Fulminis
371 783 471 853 afflavit
479 782 588 854 uentis,
602 779 752 850 &contigit
763 777 830 850 igni.

216 929 218 934 .
234 879 308 932 Talia
316 879 444 949 perstabat
454 894 606 932 memorans
617 916 625 941 ,
636 877 756 946 flatusque
764 877 894 931 manebat.
977 870 1034 936 650

183 1007 185 1011 ·
233 979 289 1030 Nos
299 977 392 1030 conrr'a
403 975 478 1029 effufi
488 975 631 1044 lacrymis,
644 973 793 1044 conjuxque
804 972 920 1035 Credsa,

233 1071 938 1147 Aseaniusque,omnisquedomus,neverteresecum
968 1101 973 1110 ·

234 1170 336 1222 Cunila
348 1185 422 1237 pater
434 1208 442 1233 ,
453 1171 559 1240 fatoque
571 1169 676 1240 urgenti
688 1168 837 1223 incumbere
845 1166 938 1219 vellet.

233 1267 371 1336 Abnegat,
385 1267 556 1337 incoeptoque
566 1269 592 1320 δι
602 1267 704 1320 sedibus
713 1266 795 1319 haeret
803 1264 833 1317 in
843 1261 945 1315 iisdem

251 1364 350 1416 Rursus
358 1363 465 1415 inarma
470 1364 720 1432 feior‚m0rtemque
727 1360 887 1414 miserrimus
894 1372 969 1425 opto.
978 1353 1028 1420 655

231 1461 300 1512 Nam
311 1461 384 1528 quod
389 1459 528 1539 confilium
535 1499 543 1523 ,
551 1477 596 1515 aut
604 1477 663 1530 qua
672 1459 726 1527 jam
735 1459 842 1514 fortuna
850 1457 955 1509 dabamr
964 1457 976 1509 l

232 1556 314 1627 Mene
327 1555 420 1609 efferre
433 1556 530 1624 pedem
540 1593 548 1618 ,
559 1555 666 1626 genitor
676 1569 721 1619 „te
731 1551 805 1622 polle
815 1550 908 1605 relidio

232 1651 347 1720 sperasti
356 1655 368 1704 l
377 1667 533 1721 tantumque
542 1653 614 1706 nefas
626 1651 715 1722 patrio
723 1649 823 1704 excidit
830 1651 895 1706 otei

232 1746 263 1799 Si
273 1746 340 1797 nihil
350 1762 385 1798 ex
394 1760 466 1799 tanta
474 1748 582 1817 Superis
593 1750 679 1817 placet
692 1749 755 1801 urbe
766 1745 880 1816 relinqui
891 1783 901 1810 ‚

196 1877 199 1881 -
231 1844 265 1896 Et
275 1845 346 1896 sedet
354 1844 406 1897 hoc
417 1843 508 1897 animo
519 1883 527 1908 ,
540 1844 715 1915 perituraque
724 1846 817 1897 addere
826 1840 916 1908 Trojae
977 1838 1032 1892 660

230 1940 323 2008 Teque
333 1941 448 2009 tuosque
452 1941 528 2008 juvat
538 1960 547 2001 ·‚
558 1957 631 2010 patet
641 1941 682 1993 isti
692 1942 771 2007 janua
781 1919 866 1993 lethe.

230 2036 246 2092 J
249 2053 343 2108 amque
353 2037 436 2090 aderit
444 2040 530 2090 multo
542 2037 641 2091 Priami
651 2035 818 2108 desanguine
826 2032 963 2104 Pyrrhus,

231 2133 333 2203 Natum
342 2131 544 2200 anteotapatris
552 2128 722 2197 {patremqui
730 2129 976 2184 obtrtmcat'adatas.

232 2228 295 2279 Hoc
305 2223 374 2289 etat,
385 2229 452 2279 alma
461 2243 571 2294 parens,
581 2223 755 2295 quddmeper
763 2227 815 2279 tela
824 2251 833 2291 ,-
843 2242 892 2296 per
900 2226 975 2298 ignes

234 2322 321 2391 Eripis
329 2324 340 2378 ἓ
348 2325 379 2375 ut
390 2321 484 2378 mediis
493 2320 593 2376 hostem
605 2321 633 2376 in
642 2320 819 2391 penetralibus
829 2360 837 2386 ,
847 2337 929 2392 utque
978 2325 1029 2391 665

232 2419 437 2489 Ascaniumque,
443 2433 596 2488 patremque
603 2415 836 2488 mundanique
843 2420 977 2486 cacillant,

233 2521 353 2573 Alterum
363 2517 392 2570 in
401 2517 508 2584 alterius
521 2516 649 2592 madatos
659 2515 786 2589 sangpine
797 2518 922 2571 ceruam?

233 2620 331 2680 Arma,
344 2615 416 2679 viri,
430 2616 496 2668 lette
507 2633 578 2669 arma
590 2635 597 2668 t
609 2629 690 2672 vocat
701 2617 749 2667 lux
759 2612 855 2668 ultima
864 2611 964 2667 vidos.

233 2713 345 2766 Reddite
356 2728 399 2762 me
408 2712 507 2765 Danais
518 2752 526 2775 ‚
537 2713 612 2765 finite
623 2711 763 2768 instaurata
771 2708 886 2764 revisam

233 2808 348 2865 Proelia:
359 2822 503 2874 numquam
512 2823 605 2859 omnes
615 2807 697 2859 hodie
709 2804 854 2863 moriemur
862 2805 951 2862 inulti.
978 2812 1037 2875 6716

270 2907 320 2958 llic
331 2905 403 2957 ferro
412 2901 536 2971 accingor
545 2902 632 2954 rursus
643 2941 651 2967 ‚
663 2904 813 2974 clypeoque
822 2904 949 2959 finistram

232 3003 392 3060 Insertabam
404 3014 495 3069 aptans
508 3037 516 3062 ,
534 3014 629 3068 meque
641 3013 715 3052 extra
724 2997 792 3053 tedia
802 2999 929 3056 ferebam.

233 3103 299 3158 Eece
309 3112 397 3154 autem
405 3099 545 3167 complexa
555 3097 635 3170 pedes
647 3095 677 3151 iu
683 3092 778 3154 limine
790 3090 894 3160 coniux
