2525 3934
421 391 710 496 Ecrocid.
756 412 809 496 V.
928 440 973 497 21

238 581 350 632 earduus
363 577 488 646 &spinis
501 577 584 647 surgit
594 577 710 646 paliurus
722 577 814 629 acutis.

238 675 353 744 Spargite
361 675 476 726 humum
487 675 576 737 foliis,
586 675 701 727 inducite
712 674 829 727 fontibus
838 672 956 737 umbras,
1000 681 1038 729 40

240 768 835 839 Pastoresmanaatfierrnbrtarauaprmrs.
1031 750 1033 757 '

237 866 267 917 Et
276 869 409 919 mmulurn
418 866 515 931 facite,
529 867 556 920 &
570 870 674 922 mmulo
685 867 847 936 superaddite
855 883 978 922 carmen:

269 964 385 1031 Daphnis
403 982 446 1029 ego
463 965 488 1012 in
501 961 578 1031 sylvis
593 965 648 1014 hinc
665 962 734 1031 usque
746 965 958 1030 adfideranom0

269 1059 381 1126 Formofi
392 1052 488 1128 pecarii
506 1051 579 1125 custus
591 1058 787 1130 fhmofioripse.

431 1157 749 1210 aMrurtunn

233 1254 823 1335 Tnemumcarmennobindiviuel’o'e'ta,
997 1268 1031 1319 43

236 1351 321 1416 Quale
332 1351 414 1418 sopor
425 1349 493 1402 fellis
502 1351 531 1402 in
539 1353 675 1420 gramine,
692 1355 768 1420 quale
777 1368 825 1419 per
833 1349 921 1404 aestunr

233 1446 329 1500 Dulcis
339 1464 414 1516 aquae
423 1447 531 1500 saliente
543 1447 612 1499 fitinr
621 1447 780 1518 restinguere
791 1446 863 1501 rivo.

231 1545 288 1595 Nec
299 1542 407 1604 calamis
417 1543 503 1595 foliam
513 1542 672 1612 aequiparas,
684 1543 728 1596 sed
736 1560 806 1597 voce
816 1542 974 1614 magistrum.

232 1644 377 1694 Fortunate
385 1657 469 1710 puer,
484 1654 514 1693 ru
524 1657 595 1693 nunc
606 1641 657 1693 eris
669 1643 733 1694 alter
744 1644 774 1694 ab
785 1642 842 1697 illo.

233 1738 389 1789 Nostamen
396 1736 976 1807 hacquocumquemodoribinostraviciffim
997 1755 1032 1807 50

219 1833 382 1899 -Dicemus-‚
400 1835 662 1905 Daphninquetuum
671 1839 795 1890 tollemus
805 1839 837 1889 ad
848 1836 928 1889 astra:

232 1930 1013 2002 Daphninudastraferemus:amavitnosquoqueDaphnis.

450 2056 453 2062 ·
497 2029 529 2080 M
546 2041 565 2080 ο
583 2044 599 2080 1³
615 2044 629 2082 s
649 2043 670 2082 u
688 2043 713 2082 s.
777 2044 779 2046 ·
839 2067 845 2082 .

232 2126 276 2176 An
291 2125 432 2194 quicquam
446 2123 524 2177 nobis
539 2125 586 2178 tali
600 2125 632 2177 fit
648 2140 756 2178 munere
771 2122 875 2191 majus?

235 2224 269 2273 Et
284 2239 349 2289 puer
364 2221 419 2288 ipse
432 2223 483 2276 fuit
501 2223 599 2280 cantari
613 2222 727 2292 dignus,
745 2223 771 2275 δι
782 2221 828 2275 ista

235 2319 250 2373 J
252 2317 398 2388 ampridem
412 2319 542 2372 Stimicon
556 2321 672 2372 laudavit
684 2321 802 2378 carmina
815 2318 903 2377 nobis,
980 2339 1008 2390 55

397 2472 399 2475 .
462 2417 747 2471 Mrurrcas.
832 2414 836 2421 ’

235 2511 368 2589 ςειιάἰάιις
383 2512 516 2566 insuetum
530 2512 640 2564 miratur
655 2513 738 2567 limen
752 2513 885 2584 Olympi‚

232 2611 285 2662 Sub
299 2607 461 2678 pedibusque
475 2607 550 2660 videt
563 2609 645 2662 nubes
662 2611 689 2662 &
705 2592 785 2662 fidera
799 2609 931 2680 Daphnis.

232 2707 303 2776 Ergo
319 2705 411 2758 alacris
428 2705 525 2775 sylvas-
535 2707 561 2759 &
576 2720 663 2759 cetera
677 2723 737 2759 rura
749 2710 892 2777 voluptas,
954 2703 957 2709 ’

232 2804 373 2871 Panaque,
389 2800 556 2872 pastoresque
570 2816 661 2867 tener,
676 2804 846 2874 Dryadasque
864 2808 973 2873 puellas,

185 2926 186 2931 ¹
231 2905 288 2955 Nec
306 2903 386 2969 lupus
401 2899 505 2951 infidias
519 2899 629 2967 pecori,
645 2899 769 2953 necteria
781 2899 867 2953 cervis
994 2908 1031 2960 60

230 3002 294 3052 Ulla
308 3000 402 3051 dolum
416 2996 588 3048 meditanturt
598 3009 668 3046 amat
679 2995 763 3048 bonus
771 2993 828 3048 otia
841 2992 975 3063 Daphnis.

229 3098 282 3169 Ipsa
292 3094 388 3152 laetitia
398 3109 481 3147 voces
493 3094 525 3146 ad
533 3091 613 3148 fidera
620 3090 718 3160 judlant
