2525 3934
340 421 421 496 1¹4
507 389 930 477 Gronercorv
989 366 997 384 ⁸

332 559 412 629 Eripe
424 577 432 613 ε
446 573 502 611 non
512 557 566 611 illis
575 555 713 628 quisquam
723 556 908 614 tundentibus
917 561 1002 613 altum

331 656 373 709 lre
382 656 433 709 iter
443 668 456 721 ,⁰
467 669 513 708 aut
526 654 614 708 eastris
626 655 731 707 audebit
739 657 841 709 vellere
853 657 938 728 signa.
978 718 982 723 ,

367 752 487 805 Invitent
498 752 600 805 croceis
611 753 730 837 balantes
739 751 852 806 dotibus
863 754 940 807 horti
951 793 959 819 ‚

279 848 371 904 uoEt
380 847 467 902 custos
476 849 564 901 surum
578 864 657 919 atque
668 850 778 913 avium,
793 865 856 903 cum
867 851 936 905 falce
948 850 1033 921 salign¹

333 945 545 1014 Hellespontiaci
556 946 645 999 servet
654 949 735 1000 tutela
746 946 845 1014 Priapi.

331 1042 390 1112 lpse
405 1044 547 1113 thymum,
560 1044 691 1113 pinosque
700 1044 787 1097 ferens
800 1045 831 1096 de
844 1045 985 1100 montibus
995 1045 1033 1098 alti

332 1139 414 1193 Tella
423 1140 489 1193 serat
500 1139 553 1194 late
565 1140 683 1205 circum,
696 1142 739 1194 cui
749 1141 812 1194 talia
821 1157 891 1195 curae
903 1161 911 1196 s

332 1235 391 1304 lpse
400 1236 491 1289 labore
501 1251 610 1290 manum
621 1237 688 1290 duro
698 1249 783 1300 terat,
801 1236 859 1306 ipse
867 1237 969 1293 setaees

282 1332 505 1404 115Figatbumo
516 1336 638 1403 plantas,
656 1320 795 1388 &amieos
806 1333 899 1405 irriget
911 1335 1018 1391 imbres.

369 1432 457 1500 Atque
467 1431 605 1500 equidem,
616 1445 741 1484 extremo
748 1429 835 1496 niiarn
842 1430 890 1484 sub
899 1429 954 1486 fine
963 1433 1033 1485 labor

333 1529 403 1583 Vela
413 1530 533 1593 traham,
551 1529 578 1582 ὃ(
589 1529 667 1582 terris
676 1528 796 1583 festinent
805 1534 946 1586 advertere
956 1545 1032 1600 prora

332 1624 451 1678 Forsitan
462 1626 489 1678 &
500 1626 612 1695 pingues
620 1625 718 1680 botros
734 1642 792 1696 quae
803 1643 866 1679 cura
877 1627 987 1680 colendi

224 1768 226 1772 .
335 1721 471 1787 Ornatet,
487 1739 629 1787 canerem,
643 1722 773 1792 biferique
782 1722 882 1776 rosaria
894 1723 991 1786 Petu,

282 1839 334 1880 120
342 1818 459 1887 Quoque
468 1819 551 1872 modo
562 1820 636 1888 potis
646 1821 787 1890 gauderent
796 1820 892 1889 intyba
901 1820 971 1874 rivis
982 1861 990 1887 ,

333 1917 367 1970 Et
374 1915 475 1969 virides
487 1915 551 1985 apio
561 1915 644 1984 ripa,
659 1917 797 1985 tortusque
808 1933 857 1984 per
865 1917 979 1972 herbam

335 2015 472 2083 cresceret
479 2015 509 2066 in
518 2019 641 2066 ventrem
651 2012 769 2066 cucumis
782 2031 791 2072 ·,
804 2029 853 2065 nec
865 2013 921 2066 seta
934 2028 1033 2066 coman

333 2111 498 2176 Narcissum,
514 2126 559 2165 aut
573 2110 639 2167 flexi
653 2108 788 2162 tacuissem
802 2109 896 2164 vimen
907 2111 1031 2175 acanthi,

205 2240 209 2248 ·
239 2194 242 2198 ⁸
334 2208 517 2278 Pallentesque
527 2211 636 2262 hederas
649 2247 657 2271 ‚
671 2209 825 2260 &amantes
840 2207 936 2262 littora
948 2224 1033 2278 myrta

282 2329 331 2381 125
370 2309 493 2375 Namque
502 2307 549 2359 sub
563 2305 669 2358 OEbaliae
685 2305 795 2359 memini
805 2323 848 2358 mc
858 2306 976 2360 turribus
986 2305 1031 2359 alti

342 2403 402 2472 Qua
417 2404 492 2474 niger
506 2402 639 2455 humectat
654 2402 780 2456 flaventia
796 2405 865 2456 culta
878 2403 1011 2469 Ga1esus,

338 2501 486 2572 Corycium
496 2498 590 2552 vidisse
600 2500 689 2552 senem
702 2539 709 2562 ,
726 2499 769 2552 cui
779 2517 863 2567 pauca
872 2501 962 2554 relicti

336 2601 432 2669 Iugera
444 2598 512 2650 ruris
522 2612 596 2649 erant
607 2615 616 2656 ·,
632 2613 682 2648 nec
691 2595 786 2649 fertilis
796 2596 841 2648 illa
852 2595 977 2661 juvencis
988 2639 996 2661 ‚

337 2701 395 2750 Nec
401 2694 492 2765 pecori
499 2709 652 2764 opportuna
661 2693 749 2762 seges,
760 2708 809 2744 nec
819 2695 964 2745 commoda
973 2675 1033 2746 Bacl

289 2793 396 2871 130Hic
407 2811 494 2846 rarum
503 2808 593 2847 tamen
602 2791 631 2843 in
643 2790 728 2844 dumis
739 2791 798 2843 olus
811 2829 819 2851 ‚
830 2789 942 2858 albaque
953 2791 1033 2846 circiu

338 2890 407 2944 Lilia
417 2929 425 2953 ‚
440 2884 619 2957 verbenasque
629 2905 767 2957 premens,
777 2887 940 2955 vescumque
952 2904 1033 2956 papav

338 2989 442 3057 Regum
453 2987 571 3055 aequabm
581 3002 647 3053 opes
660 2983 755 3037 animis
766 3023 773 3046 ‚
789 2982 898 3051 serique
909 2999 1032 3036 reverten

340 3085 426 3141 Nolle
436 3087 545 3142 domum
556 3123 563 3150 ,
574 3083 684 3155 dapibus
699 3081 800 3136 mensas
814 3081 940 3136 onerabat
956 3081 1033 3151 inem]
