2525 3934
239 500 978 581 &Quamnam

317 696 906 789 munroururus.

238 804 400 920 Inurum
412 869 530 921 medium
541 868 639 920 AEneas
648 867 702 933 jam
710 868 785 923 claffe
794 870 901 921 tenebat

238 965 331 1017 Certus
341 966 409 1028 iter,
423 966 568 1032 flutlusque
578 980 651 1016 atros
660 964 785 1032 aquilone
795 966 915 1027 secabat,

232 1060 339 1113 Moenia
349 1061 493 1127 respiciens
503 1099 511 1123 ,
524 1077 581 1129 quae
590 1060 645 1125 jam
654 1060 767 1113 infelicis
777 1063 853 1113 Eltsae

233 1160 379 1211 Collucent
390 1156 514 1209 flammis.
528 1158 594 1223 Quor
601 1172 703 1209 tantum
712 1157 859 1210 accenderit
870 1157 960 1227 ignem
970 1193 980 1218 ,

235 1254 324 1305 Causa
335 1254 400 1305 latet
413 1271 421 1313 ς
437 1253 495 1305 duri
506 1271 604 1324 magno
613 1254 657 1306 sed
665 1271 756 1307 amore
766 1256 873 1306 dolores
1004 1263 1018 1315 5

233 1349 347 1401 Polluto
360 1389 367 1414 ,
380 1364 526 1418 notumque
535 1351 623 1404 furens
634 1351 695 1419 quid
704 1351 804 1402 femina
812 1347 908 1418 polilt,

232 1444 323 1498 Triste
333 1463 379 1514 per
391 1448 547 1516 augurium,
560 1450 724 1500 Teucrorum
737 1446 844 1513 peclom
856 1448 964 1498 ducunt.

274 1544 314 1594 Ut
322 1546 430 1612 pelagus
439 1557 547 1594 tenuere
557 1558 625 1595 rates
635 1582 643 1605 ,
656 1559 706 1594 nee
713 1542 767 1607 jam
777 1540 890 1607 amplius
900 1542 954 1593 ulla
1059 1581 1064 1589 .

233 1638 365 1690 Occurrit
375 1642 453 1692 tellus
465 1679 472 1703 ‚
483 1639 566 1692 maria
575 1640 690 1708 undique
700 1640 727 1690 ἃ
735 1640 851 1707 undique
861 1640 976 1698 coelum

236 1731 304 1785 Olli
317 1737 446 1788 coeruleus
459 1735 535 1803 supra
546 1752 624 1803 caput
636 1734 733 1787 adstitit
743 1735 839 1799 imber,
1004 1749 1038 1786 10

230 1827 645 1898 Nostemhyememqueferens3
658 1828 825 1884 &inhorruit
835 1832 904 1885 unda
912 1828 1038 1885 tenebris.

228 1923 296 1993 Ipse
308 1926 467 1993 gubernator
475 1926 560 1994 puppi
569 1926 706 1979 Palinurus
716 1928 747 1980 ab
758 1931 827 1981 alta:

230 2020 317 2074 Heu!
332 2022 454 2091 quianam
469 2022 536 2075 tanti
552 2022 694 2075 cinxerunt
706 2024 803 2074 athera
813 2021 915 2075 nimbi?

231 2116 345 2182 Quidve
356 2157 363 2180 ,
373 2133 448 2186 pater
457 2120 597 2185 Neptune,
607 2119 700 2183 paras?
708 2117 751 2168 Sic
760 2116 854 2169 deinde
863 2119 979 2183 locums,

233 2211 372 2279 Colligere
382 2229 455 2264 arma
465 2211 538 2277 jubet
546 2249 554 2273 ,
562 2211 709 2279 validisque
721 2211 872 2265 incumbere
883 2216 977 2278 temis3
1001 2228 1032 2283 15
1060 2252 1063 2257 -

235 2307 422 2375 obliquatque
434 2306 503 2358 sinus
516 2305 545 2357 in
555 2320 685 2369 ventum,
701 2323 730 2359 ac
741 2306 803 2359 talia
810 2308 894 2363 fatur:

178 2374 186 2419 ξ
237 2404 412 2472 Magnanime
423 2401 526 2463 AEnea,
541 2416 614 2464 non,
629 2400 726 2453 fimilri
737 2402 841 2470 Jupiter
851 2405 942 2460 anaor

236 2502 391 2569 spondeat,
409 2500 461 2551 hoc
473 2499 575 2566 sperem
586 2500 688 2551 ltaliam
697 2500 850 2570 contingere
859 2506 941 2560 coelo.

178 2578 194 2657 Ξ
235 2596 335 2653 Mutati
346 2594 492 2649 transversa
503 2595 617 2647 fremunt
629 2634 639 2658 ,
651 2596 678 2646 &
689 2597 798 2665 vespere
809 2600 841 2651 ab
853 2614 913 2653 atro

178 2672 193 2716 Ἰ
238 2696 408 2764 Consurgunt
416 2692 511 2754 venti3
527 2708 606 2763 atque
620 2693 650 2745 in
661 2696 757 2748 nubem
768 2696 874 2765 cogitur
886 2697 941 2749 aer.
997 2715 1033 2753 20

241 2794 299 2844 Nec
310 2806 360 2843 nos
370 2789 456 2845 obniti
468 2789 578 2854 contri,
588 2808 674 2860 neque
686 2793 791 2844 tendere
804 2791 906 2843 tantum

239 2886 386 2939 sufficimus
401 2900 408 2933 :
420 2884 522 2953 superat
534 2888 660 2955 quoniam
679 2886 784 2939 fortuna
796 2926 804 2951 ,
819 2887 956 2956 sequantur
968 2910 977 2952 3

239 2980 355 3051 Quoque
366 2994 447 3035 vocat
459 3019 468 3045 ,
483 2996 616 3035 vertamus
629 2982 689 3035 iter.
700 2984 757 3035 Nec
765 2982 856 3035 littora
868 2986 949 3055 long'e

237 3083 300 3134 Fida
314 3097 376 3134 reor
386 3079 499 3131 fraterna
508 3078 616 3147 Erycis,
628 3079 773 3147 portusque
783 3078 908 3144 Sicanos,

239 3178 269 3230 Si
280 3177 360 3231 modo
369 3177 419 3229 rite
432 3192 535 3231 mernor
546 3177 647 3231 servata
659 3176 785 3229 remetior
795 3175 870 3229 astra.
999 3195 1031 3245 25
