2525 3934
294 403 659 512 ''Lanaa
718 404 806 489 IV.
901 430 973 485 111

230 565 405 620 Transversas
415 569 506 623 salices
518 572 545 623 δι
554 570 662 641 grandia
671 569 775 635 conjice
784 568 860 621 saxa:

229 663 362 716 Pontibus
374 680 404 717 ut
414 667 511 720 crebris
524 666 622 736 poffint
631 665 789 728 consistere,
807 665 834 716 ἃ
845 664 899 715 alas

231 759 349 814 Pandere
359 763 391 814 ad
401 762 522 816 aestivum
533 765 627 818 Solem
638 803 646 827 ‚
658 763 677 814 fi
689 761 758 815 forte
773 775 908 813 morantes

233 856 378 924 sparserit,
389 875 434 912 aut
443 877 562 928 praeceps
574 862 704 928 Neptuno
714 858 874 912 immerserit
885 857 981 910 Eurus.

234 953 301 1006 Haec
309 956 410 1008 circum
422 956 495 1008 cafiae
504 957 603 1010 virides
617 996 625 1020 ,
645 957 671 1008 ἃ
681 955 783 1028 olentia
792 954 845 1010 late
907 1010 911 1016 ,
988 948 1024 1000 3⁰

235 1053 377 1122 Semylla,
391 1054 418 1105 ἃ
431 1053 547 1122 graviter
557 1053 680 1122 spirantis
692 1052 771 1121 copia
782 1052 912 1121 mymbrae

236 1151 364 1210 Floreat·,
379 1150 558 1221 irriguumque
569 1152 660 1205 bibant
669 1150 783 1204 violaria
793 1151 907 1203 fontem.

275 1246 337 1314 Ipsa
347 1234 435 1300 autem
445 1288 454 1313 ,
471 1251 517 1302 seu
528 1250 670 1304 corticibus
680 1249 729 1302 tibi
738 1250 795 1302 suta
803 1245 903 1300 cavatis
913 1283 923 1309 ,

238 1345 293 1397 Seu
301 1345 377 1398 lento
388 1346 487 1399 fuerint
498 1348 615 1400 alvearia
625 1346 735 1399 vimine
740 1359 812 1398 texta
821 1382 829 1407 ‚

238 1439 372 1511 Angustos
381 1442 495 1495 habeant
507 1443 592 1495 aditus
604 1463 611 1496 ι
626 1459 688 1496 nam
699 1442 799 1511 frigore
811 1441 889 1493 mella
992 1437 1022 1489 35

240 1540 323 1606 Cogit
332 1539 443 1608 hyems,
456 1542 601 1608 eademque
611 1543 684 1592 calor
693 1536 834 1607 liquefaua
842 1534 963 1590 remittit.
1000 1521 1001 1527 ¹

239 1636 362 1703 Utraque
371 1636 415 1688 vis
429 1637 522 1704 apibus
534 1636 633 1704 pariter
645 1636 800 1688 metuenda:
813 1650 899 1703 neque
909 1633 961 1686 iuae

240 1731 429 1800 Nequicquam
442 1732 471 1783 in
480 1732 556 1784 tediis
566 1733 685 1786 certatim
695 1733 785 1786 tenuia
793 1731 863 1787 ceri·

241 1826 410 1895 spiramenta
419 1828 526 1893 linunt,
541 1829 655 1899 fucoque
669 1831 695 1882 δι
707 1829 817 1883 floribus
828 1847 889 1882 oras

240 1927 359 1994 Explent
369 1965 377 1989 ‚
393 1925 589 1994 colleaumque
598 1928 654 1978 haec
665 1927 722 1995 ipsa
732 1929 764 1979 ad
773 1942 882 1979 munera
892 1928 982 1994 gluten
992 1928 1031 1976 40

242 2025 276 2074 Et
287 2023 363 2074 visco
377 2023 404 2074 δε
416 2021 538 2092 Phrygiae
551 2023 657 2074 servant
669 2023 728 2090 pice
739 2022 837 2073 lentius
847 2022 908 2075 ldae.

244 2121 322 2186 Saepe
334 2119 414 2170 etiam
426 2118 524 2172 effossis
538 2116 549 2183 (
559 2117 652 2169 sivera
664 2115 701 2168 est
711 2117 779 2169 fama
790 2116 801 2183 )
812 2115 938 2180 latebris,

245 2217 302 2268 Sub
313 2229 382 2267 terra
392 2216 482 2268 fodere
491 2220 573 2270 larem
584 2234 592 2275 3
604 2215 762 2284 penitusque
774 2227 884 2283 repertae

245 2310 449 2380 Pumicibusque
461 2313 533 2365 cavis
546 2353 555 2377 ‚
570 2313 708 2380 exesaeque
721 2311 821 2363 arboris
833 2326 921 2391 antro.

244 2411 289 2462 Tu
301 2425 392 2481 tamen
403 2426 418 2461 e
428 2411 484 2462 levi
493 2410 592 2464 rimosa
602 2410 699 2462 cubilia
707 2408 775 2461 limo
863 2439 866 2442 ·
995 2421 1028 2473 45

245 2510 327 2578 Unge
335 2547 343 2572 ‚
352 2507 449 2561 fovens
461 2507 559 2560 circum
570 2546 577 2570 ‚
591 2508 618 2558 δι
626 2523 697 2558 raras
707 2503 864 2573 superinjice
875 2505 993 2560 frondes.

246 2609 309 2681 Neu
317 2606 427 2675 propius
440 2604 515 2658 teciis
527 2619 620 2656 taxum
629 2603 702 2665 fine,
718 2618 788 2654 neve
799 2602 922 2655 rubentes

246 2706 305 2757 Ure
316 2704 379 2756 foco
388 2719 497 2755 cancros
508 2741 516 2765 ‚
529 2703 589 2754 altae
601 2717 654 2752 neu
662 2700 738 2752 crede
747 2696 837 2766 paludi
848 2715 856 2757 3

246 2803 303 2854 Aut
314 2800 359 2854 ubi
369 2802 436 2853 odor
446 2799 518 2852 coeni
528 2798 631 2869 gravis,
642 2811 687 2850 aut
697 2796 744 2850 ubi
755 2812 873 2849 concava
882 2794 959 2864 pulsu

248 2901 319 2952 Saxa
328 2898 443 2961 sonant,
458 2897 586 2964 vocisque
603 2893 704 2948 offensa
715 2895 822 2948 refricat
833 2894 933 2963 imago.
1000 2910 1034 2962 50

281 2996 364 3060 Quod
370 2991 539 3062 superest‚ubi
546 2991 779 3062 pulsamhyemem
786 2992 833 3044 Sol
840 3005 933 3042 aureus
940 2989 996 3058 ogit

249 3094 305 3146 Sub
310 3107 396 3146 terras
407 3130 415 3158 ‚
428 3093 579 3160 coelumque
591 3087 681 3178 estivi
688 3093 747 3144 luce
758 3087 881 3160 reciufit,
