2525 3934
426 422 673 510 [ΜΗ
733 423 784 510 V.
894 435 970 530 267

225 588 338 642 Brachia
350 592 526 657 protendens,
540 591 566 642 &
577 593 700 645 verberat
711 590 806 643 ictibus
816 607 900 641 auras.

226 687 365 752 Quaeritur
372 686 434 746 huie
442 687 525 746 alius,
535 703 585 738 nec
595 686 733 755 quisquam
741 702 776 739 ex
783 685 889 755 agmine
898 698 973 736 tanto

226 783 316 835 Audet
324 781 395 835 adire
405 783 513 845 virum,
525 781 696 849 manibusque
708 781 832 834 inducere
843 781 943 834 caestus.

227 877 301 948 Ergo
310 879 421 940 alacris,
435 874 595 945 cuneosque
606 890 702 945 putans
714 878 842 931 excedere
850 878 955 947 palmd,
980 873 1031 937 330

225 973 321 1028 AEneae
332 974 405 1026 stetit
414 986 475 1024 ante
485 974 566 1041 pedes
578 990 587 1032 ς
599 988 648 1024 nec
659 975 735 1041 plura
745 988 878 1039 moranus,

225 1072 303 1123 Tum
313 1069 384 1121 laevd
396 1084 499 1122 tauntm
511 1086 595 1146 cornu
607 1084 698 1135 tenet,
714 1086 793 1140 atque
801 1071 839 1123 ita
846 1072 930 1125 fatur:

227 1167 302 1218 Nate
312 1165 385 1227 Ded,
395 1165 414 1217 fi
424 1182 504 1218 nemo
516 1167 593 1219 audet
601 1167 628 1219 se
641 1167 745 1219 credere
756 1183 866 1236 pugna,

218 1265 302 1329 Quae
315 1261 377 1314 finis
388 1262 487 1316 standi?
500 1280 554 1332 quo
565 1280 608 1316 me
621 1266 696 1316 decet
707 1265 790 1331 usque
801 1263 904 1317 teneri?

227 1361 337 1414 Ducere
347 1362 417 1413 dona
427 1359 496 1425 iube.
508 1359 603 1412 Curasti
612 1360 688 1412 fimul
699 1377 746 1412 ore
754 1361 900 1413 fremebant
981 1360 1029 1425 385

227 1459 390 1511 Dardanidae
401 1497 409 1521 ,
422 1456 547 1525 reddique
555 1457 618 1509 viro
628 1455 753 1524 promiffa
762 1455 895 1522 jubebant.

229 1555 285 1606 ch
294 1554 382 1622 gravis
391 1555 524 1606 Entellum
534 1551 611 1607 diffis
621 1552 727 1623 castigat
735 1552 840 1606 Acesten
850 1591 859 1616 ,

229 1649 377 1703 Proximus
386 1663 415 1700 ut
426 1648 559 1702 viridante
568 1663 631 1701 toro
641 1650 793 1702 consederat
801 1649 901 1704 herbe:

230 1747 336 1797 Entelle
347 1785 355 1808 ,
367 1746 482 1798 heroum-
489 1749 623 1815 quondam
634 1745 771 1801 fortiffime
778 1746 887 1814 frustra,

230 1843 530 1912 Tantanetampatiens
541 1845 617 1897 nullo
625 1845 770 1898 certamine
781 1844 843 1897 tolli
981 1854 1031 1907 390

229 1941 314 1993 Dona
324 1941 413 1994 fines?
427 1940 471 1993 ubi
483 1959 553 1994 nunc
565 1942 643 1993 nobis
655 1945 732 1994 Deus
744 1942 790 1993 ille
801 1939 922 2010 magister

230 2036 415 2104 Nequicquam
421 2051 584 2088 memoratus
591 2034 810 2103 Eryxlubilama
816 2053 977 2105 peromnem

232 2129 416 2194 Trinacriam,
429 2131 551 2200 &spolia
562 2132 608 2184 illa
616 2132 669 2185 tuis
681 2133 823 2200 pendentia
832 2132 907 2186 tellis
918 2136 929 2187 ἓ

178 2270 182 2304 :
231 2229 282 2280 Ille
294 2226 340 2277 sub
349 2227 405 2278 haec
415 2245 422 2280 :
433 2228 498 2278 Non
508 2228 592 2280 laudis
603 2244 696 2293 antor,-
707 2244 757 2282 nec
766 2229 852 2300 gloria
862 2230 934 2285 cellit

178 2359 182 2405 ξ
232 2324 310 2377 Pulsa
321 2338 394 2376 rnetu
404 2342 413 2384 ·‚
425 2324 550 2377 sedenim
561 2326 663 2395 gelidus
673 2328 798 2380 tardante
804 2327 907 2381 senecld
983 2347 1029 2401 395

180 2467 182 2491 ;
232 2421 344 2492 Sanguis
355 2421 434 2474 hebet
445 2460 454 2485 ,
469 2421 618 2491 frigentque
627 2421 725 2476 effora
735 2423 764 2476 in
772 2438 885 2493 ωροτε
893 2424 976 2478 vires.

178 2566 181 2595 1
232 2520 262 2572 Si
269 2519 349 2583 milri,
360 2536 418 2588 quae
426 2521 560 2589 quondam
566 2520 665 2582 lauerat,
674 2519 778 2589 qudque
786 2519 924 2590 improbus
932 2521 978 2573 iste

179 2650 183 2689 ι
232 2616 354 2667 Exsultat
364 2615 448 2669 fidens
458 2654 466 2678 ,
476 2615 496 2667 sr
508 2632 578 2669 nunc
589 2617 661 2670 foret
673 2618 718 2669 illa
729 2616 858 2683 juventu

201 2742 203 2746 >
233 2712 311 2780 Haud
320 2710 442 2778 equidem
451 2713 538 2778 pretio
549 2713 671 2766 induetur
680 2715 845 2782 pulchroque
854 2712 969 2779 juvenco

234 2805 390 2865 Veniffem3
403 2822 451 2858 nec
461 2808 530 2858 dona
540 2822 641 2862 moror.
654 2809 699 2862 Sic
707 2809 801 2863 deinde
811 2811 936 2878 locutus,
980 2839 1034 2885 400

178 2942 186 2982 ,
231 2906 264 2959 In
275 2903 394 2958 medium
403 2903 526 2973 geminos
535 2903 644 2958 immani
654 2906 873 2975 ponderecaellus

178 3026 184 3079 ,¹
231 2999 367 3066 Proiecit,
379 2999 474 3070 quibus
486 3017 546 3054 acer
554 3001 629 3072 Eryx
639 3001 667 3055 in
676 3005 773 3074 proelia
781 3004 870 3058 suetus

178 3135 181 3165 ,
234 3100 448 3165 Ferremanum,
463 3099 936 3171 duroqueiuteuderebrachiatergo.

807 3196 838 3248 M
854 3194 873 3263 ij
