2525 3934
423 449 679 533 LIBER
726 444 793 529 II.
926 475 980 550 77

236 610 298 663 Huc
309 609 372 664 illuc
382 649 391 675 ‚
403 611 490 664 media
499 610 555 679 ipsa
564 609 700 680 ingentem
709 608 816 662 sustinet
824 609 952 661 umbram.

274 708 353 759 Neve
363 706 412 759 tibi
421 708 454 759 ad
465 706 550 759 solem
560 722 672 776 vergant
682 707 774 759 vineta
784 707 921 759 cadentem
932 723 940 758 :

233 807 313 858 Neve
325 804 395 858 inter
405 804 477 857 vites
490 806 614 873 corylum
625 804 681 857 sete
693 820 779 857 zneve
790 803 894 873 flagella

233 903 344 957 Summa
349 916 421 970 pete,
430 915 476 955 aut
481 903 595 954 summas
602 901 719 972 defringe
725 918 760 954 ex
765 902 857 954 arbore
863 902 964 969 plantas
974 908 1038 961 :300

234 1000 246 1066 (
256 998 359 1051 Tannus
371 1015 448 1051 antor
458 1013 535 1051 terrae
547 997 559 1065 )
570 1015 623 1050 nen
634 999 704 1051 ferro
715 999 780 1050 laede
789 997 878 1051 retuso

234 1095 342 1147 Semina
354 1113 363 1154 3
382 1112 453 1148 neve
469 1098 536 1148 oleae
551 1095 691 1165 sylvestres
703 1095 787 1148 insere
799 1109 923 1149 truncos:

234 1193 305 1243 Nam
320 1191 388 1259 saepe
400 1191 511 1244 incautis
521 1190 666 1260 pastoribus
677 1191 776 1244 excidit
785 1192 870 1262 ignis,

236 1286 294 1352 Qui
308 1286 399 1339 furtim
409 1286 503 1356 pingui
517 1285 633 1354 primitm
644 1287 690 1339 sub
701 1287 801 1340 cortice
811 1287 896 1341 neilus

235 1383 345 1434 Robora
356 1384 540 1452 comprendit,
554 1386 713 1454 frondesque
722 1384 823 1453 elapsus
835 1385 937 1439 inaltat
972 1375 1032 1450 '305

234 1481 372 1550 ingentem
384 1483 456 1534 coelo
465 1481 583 1534 sonitum
593 1483 664 1535 dedit
676 1502 683 1538 :
695 1483 756 1536 inde
769 1483 871 1536 secutus

235 1577 285 1630 Per
295 1594 384 1630 ramos
394 1578 501 1643 vidior,
516 1596 616 1648 perque
627 1582 678 1632 alta
688 1581 823 1634 cacumina
831 1594 941 1652 regnat,

235 1675 268 1726 Et
277 1689 367 1727 totum
378 1675 496 1729 involvit
507 1677 621 1730 flammis
631 1696 724 1731 nemus
735 1718 742 1743 ,
760 1680 786 1731 δι
795 1679 847 1732 tuit
858 1692 940 1734 atram

234 1772 277 1823 Ad
286 1773 385 1824 coelum
396 1772 470 1840 picei
481 1773 574 1828 craffus
589 1776 701 1846 caligine
713 1778 831 1839 nubem,

234 1868 692 1938 Praesertimfitempestasavertice
701 1872 786 1942 sylvis
870 1908 893 1944 ·,
979 1885 1032 1936 310

234 1965 374 2030 Incubuit,
386 1968 567 2036 glomeratque
581 1969 668 2021 ferens
683 1969 805 2023 incendia
813 1982 920 2023 ventus.

234 2062 294 2114 Hoc
303 2041 368 2126 ubi,
383 2078 440 2115 non
451 2062 553 2132 astitpe
563 2067 672 2129 valent,
689 2066 814 2134 caesaeque
829 2064 928 2119 reverti

233 2157 361 2229 Poffunt,
375 2173 454 2228 atque
465 2159 519 2215 imi
530 2160 627 2215 ssmiles
638 2160 797 2215 revirescere
808 2161 894 2215 terre:

232 2253 332 2307 Infelix
344 2253 446 2321 superat
456 2255 529 2308 foliis
541 2257 650 2308 oleaster
661 2257 764 2311 amaris.

259 2354 318 2404 Nec
330 2351 378 2404 tibi
389 2355 560 2421 tamprudens
571 2355 708 2424 quisquam
718 2357 868 2424 persuadeat
877 2355 967 2412 audior
979 2373 1026 2425 315

232 2450 366 2503 Tellurem
378 2449 462 2503 Borei
473 2451 584 2520 rigidam
594 2453 708 2520 spirante
718 2470 838 2508 movete.

232 2546 301 2599 Rura
310 2550 373 2617 gelu
382 2563 440 2600 tum
449 2548 546 2601 claudit
555 2549 650 2618 hyems
661 2591 669 2614 ,
682 2568 731 2603 nec
741 2551 841 2604 semine
850 2546 921 2617 iusto

233 2647 391 2698 concretam
402 2643 501 2713 patitur
512 2645 625 2699 radicem
637 2647 739 2717 affigere
750 2661 836 2702 terre.

231 2742 344 2812 Optima
354 2740 455 2795 vinetis
465 2741 533 2794 satin
546 2741 583 2795 est
593 2781 601 2806 ,
618 2742 679 2796 etim
689 2760 753 2795 vere
762 2745 867 2799 rubenti

230 2839 347 2893 Candida
360 2834 438 2890 venit
449 2838 507 2891 avis
519 2878 527 2902 ,
541 2840 630 2910 longis
646 2839 731 2893 invisa
741 2841 875 2903 colubria
977 2859 1028 2911 320

229 2935 316 2991 Prima
325 2938 370 2988 vel
380 2934 501 2987 autumni
510 2935 556 2988 sub
564 2937 677 3006 frigora,
693 2936 753 2990 etim
764 2937 869 3007 rapidus
880 2938 936 2992 Snl'

226 3035 355 3088 Nondum
360 3033 487 3101 hyemem
493 3033 625 3104 contingit
630 3034 706 3104 equis
714 3034 780 3101 ,jam
786 3035 903 3103 praeterit
910 3033 990 3088 testas.

263 3131 323 3184 Ver
332 3131 399 3182 adeo
409 3127 497 3182 frondi
507 3144 647 3183 nemorum
659 3168 667 3196 ‚
681 3147 731 3184 ver
739 3130 804 3182 utile
814 3128 916 3200 sylvis:

751 3226 778 3277 D
798 3222 827 3288 iii
