2525 3934
405 426 667 509 Lmen
723 421 776 504 V.
883 427 961 533 269

216 593 275 646 Hic
288 594 412 647 membris
422 596 448 648 δι
459 597 532 648 mole
541 596 634 646 valens
646 633 653 656 ,
669 594 714 645 sed
724 592 796 644 tarda
809 589 933 642 trementi

218 689 319 742 Genua
327 692 431 754 labant,
444 689 534 744 vastos
545 686 633 759 quatit
644 706 713 758 teger
724 689 855 741 anhelitus
868 701 951 742 attus.

217 789 310 840 Multa
317 787 369 840 viti
380 784 556 857 nequicquam
567 786 637 837 inter
645 787 672 838 se
683 787 794 837 vulnera
805 782 919 849 iamt,

217 885 307 936 Multa
317 901 385 937 cavo
393 883 471 936 lateri
481 882 663 951 ingeminant,
677 882 705 933 dt
715 880 822 949 pediore
829 878 919 933 vastos

216 981 293 1033 Dant
302 982 426 1038 sonitus3
442 993 561 1049 erratque
573 975 649 1032 aures
662 980 688 1032 δι
697 968 926 1047 tempora'circum
962 994 1013 1048 435

217 1079 319 1129 Crebra
329 1091 420 1126 manus
430 1113 438 1138 ‚
451 1077 517 1128 duro
526 1075 655 1144 crepitant
665 1075 710 1127 sub
717 1077 829 1128 vulnere
838 1077 923 1128 malae.

216 1173 279 1225 Stat
291 1170 379 1239 gravis
391 1171 525 1235 Entellus,
542 1172 653 1240 nisuque
664 1171 792 1224 immotus
804 1173 918 1235 eodem,

217 1271 345 1336 Corpore
356 1271 407 1320 tela
418 1267 499 1322 modo
509 1283 587 1338 atque
596 1269 682 1322 oculis
691 1269 865 1338 vigilantibus
875 1266 942 1320 exit.

214 1367 268 1418 Ille
277 1368 352 1418 velut
361 1365 456 1418 celsam
466 1379 601 1436 oppugnat
610 1366 658 1435 qui
667 1365 782 1418 molibus
791 1366 898 1428 urbem,

215 1465 273 1515 Aut
282 1478 410 1516 montana
419 1462 491 1514 sedet
499 1461 598 1514 circum
610 1460 712 1513 castella
721 1461 768 1514 sub
776 1461 873 1521 armis;
924 1527 926 1531 Ι
961 1480 1017 1530 440

215 1561 300 1613 Nunc
306 1562 357 1612 hos
368 1599 376 1622 ‚
391 1577 461 1612 nunc
473 1560 534 1612 illos
550 1561 651 1622 aditus,
664 1576 825 1628 omnemque
836 1573 951 1627 pererrat

215 1657 286 1708 Arte
295 1657 403 1720 locum,
417 1658 443 1708 δι
452 1658 533 1710 variis
546 1656 680 1709 affultibus
692 1654 780 1708 irritus
789 1669 873 1726 urget.

258 1751 380 1804 Ostendit
391 1755 509 1806 dextram
521 1754 658 1822 insurgens
667 1750 803 1826 Entellus,
816 1752 842 1804 dt
851 1751 905 1806 alre

216 1849 322 1901 Extulit
334 1868 341 1902 r
354 1850 398 1902 ille
409 1849 490 1905 ictum
499 1850 653 1903 venientem
666 1849 794 1903 avertice
802 1850 888 1900 velox

214 1945 342 1997 Providit
353 1984 361 2008 ‚
379 1945 510 2014 celerique
521 1947 624 2013 elapsus
634 1962 748 2013 corpore
761 1944 841 1997 cellit.
960 1965 1012 2016 445

214 2040 336 2091 Entellus
346 2042 419 2094 vires
432 2042 461 2092 in
471 2056 583 2092 ventum
594 2037 705 2103 effudit,
722 2040 749 2090 δι
762 2040 834 2092 ultro

214 2136 278 2203 lpse
292 2136 380 2204 gravis
394 2135 561 2205 graviterque
573 2137 605 2186 ad
616 2150 713 2187 terram
722 2137 839 2205 pondere
848 2134 923 2188 vasto

217 2229 959 2302 Concidit,utquondamcavaconcidit,autErymantlro,

178 2293 188 2328 ἶ
215 2331 273 2381 Aut
282 2330 325 2380 lda
335 2328 363 2379 in
373 2344 484 2397 magna,
497 2318 625 2380 radicibus
636 2342 709 2380 eruta
719 2328 808 2396 pinus.

178 2383 189 2503 :i
215 2427 386 2498 Consurgunt
395 2425 484 2502 studiis
496 2424 592 2478 Teucri
605 2414 885 2494 &Trinacriapubesr
912 2430 915 2435 ’
957 2454 1013 2509 450

178 2506 186 2621 ;
213 2526 240 2577 It
251 2527 351 2579 clamor
361 2527 452 2588 coelo,
468 2524 620 2592 primusque
632 2521 744 2575 accurrit
757 2514 860 2577 Acestes

181 2687 183 2691 v
215 2621 427 2690 AEquaevumque
438 2623 469 2673 ab
477 2622 560 2674 humo
570 2619 695 2674 miserans
706 2619 805 2673 attollit
814 2618 938 2674 amicum.

215 2719 252 2769 At
264 2733 320 2768 non
331 2718 445 2769 tardatus
454 2717 530 2779 casu,
542 2734 628 2784 neque
640 2717 747 2769 territus
757 2716 838 2769 heros

183 2820 185 2825 “
215 2815 311 2868 Acrior
320 2815 352 2866 ad
361 2829 477 2881 pugnam
488 2812 572 2875 redit,
584 2829 614 2864 ac
624 2812 683 2864 vim
691 2812 795 2865 suscitat
806 2810 859 2867 iras

177 2871 187 2990 i
215 2914 284 2965 Tum
297 2911 384 2979 pudor
395 2909 511 2960 incendit
521 2907 593 2960 vires
606 2910 745 2962 &conscia
756 2909 860 2971 vit'tus;
956 2942 1007 2994 455

177 3005 187 3104 ’ί
214 3009 432 3078 Praecipitemqu'e
442 3008 532 3060 Daren
541 3006 633 3058 ardens
645 3007 699 3076 agit
707 3024 814 3076 aequore
823 3021 902 3070 toto,

212 3101 919 3175 Nuncdextraingeminansictus‚nunciuefinistrt.
971 3136 975 3147 ·

757 3198 789 3250 M
808 3195 836 3262 iii

178 2694 184 2722 t

177 2774 188 2819 l
