2525 3934
299 395 377 476 292
483 362 838 446 AENnrDos

237 526 273 575 80
294 519 334 572 Os
342 518 885 589 rabidum‚seracordadomans,fingitque
893 520 1035 588 premendo.

296 617 371 670 Ostia
384 617 490 685 jamque
500 616 595 668 dombs
607 630 717 683 patuere
733 616 857 685 ingentia
870 632 977 669 centum

297 717 398 785 Sponte
408 714 467 776 sul,
479 712 600 780 vatisque
609 711 698 763 serunt
711 711 842 779 responsa
855 729 902 780 per
914 730 1002 766 auras:

299 813 326 866 O
336 813 441 865 tandem
450 809 552 880 magnis
562 808 652 877 pelagi
662 805 786 860 lemnae
799 809 908 877 periclis
921 814 928 862 !

299 911 350 962 Sed
361 907 429 960 terrai
439 907 562 977 graviora
571 919 688 956 manent.
699 905 732 955 In
744 920 831 974 tegna
843 905 933 958 Lavini

244 1011 275 1074 85
299 1006 454 1060 Dardanide
465 1003 577 1056 venient
590 1041 598 1065 ‚
610 1001 687 1052 mitte
698 1000 767 1051 hanc
778 1003 813 1052 de
824 1001 934 1069 pedore
943 1015 1033 1056 tutam

301 1105 353 1157 Sed
362 1119 418 1155 non
427 1103 454 1154 δι
463 1098 563 1152 veniffe
575 1099 679 1149 volent.
692 1096 788 1160 Bella,
802 1098 915 1151 horrida
926 1100 1003 1160 bella,

301 1204 334 1255 Et
342 1199 456 1272 Tybrim
465 1200 550 1250 multo
560 1196 726 1263 spumantem
736 1194 870 1264 sanguine
881 1213 970 1250 cerno.

302 1304 366 1353 Non
377 1297 477 1352 Simois
489 1295 537 1348 tihi
546 1334 553 1358 ,
563 1309 612 1345 nec
622 1292 728 1344 xantus
740 1330 748 1354 ,
763 1308 817 1344 nec
826 1294 929 1346 Dorica
940 1293 1010 1347 castra

302 1395 445 1449 Defuerint
457 1394 540 1448 :alius
553 1391 629 1444 Latio
641 1389 694 1455 jam
707 1404 801 1458 partus
810 1392 948 1457 Achilles,

246 1505 283 1558 90
301 1493 386 1545 Natus
399 1494 425 1545 δι
436 1492 492 1561 ipse
503 1489 561 1544 Dei
572 1481 580 1550 3
593 1503 641 1540 nec
653 1486 766 1539 Teucris
780 1487 872 1540 addita
884 1490 899 1543 J
903 1507 956 1543 uno

303 1589 423 1659 Usquam
432 1588 523 1642 aberit.
534 1587 623 1652 Quem
632 1598 662 1636 tu
670 1582 788 1651 supplex
798 1584 828 1636 in
836 1586 919 1638 rebus
929 1583 1019 1655 egenis,

303 1687 379 1756 Quas
392 1699 483 1756 gentes
493 1685 588 1736 Italrlm
598 1722 606 1747 ,
617 1695 663 1734 aut
674 1697 740 1750 quas
753 1697 814 1734 non
826 1684 950 1736 oraveris
961 1681 1035 1734 urbes!

306 1784 391 1840 Causa
399 1781 462 1835 mali
471 1779 538 1832 tanti
546 1777 648 1843 conjux
656 1777 756 1830 iterum
765 1778 880 1848 hospita
893 1781 1005 1840 Teucris.

231 1943 237 1951 ,
306 1882 470 1951 Extemique
480 1877 576 1930 iterum
584 1873 704 1927 thalami.
781 1932 785 1938 ‚

251 1998 283 2048 95
306 1982 349 2034 Tu
359 1999 392 2033 ne
404 1979 465 2032 cede
478 1977 569 2036 malis,
579 1975 623 2028 sed
632 1970 726 2026 contri
735 1973 884 2029 audentior
894 1977 947 2040 ito,

310 2077 398 2142 Quam
408 2092 452 2128 tua
462 2090 488 2127 te
498 2075 603 2127 fortuna
615 2071 689 2123 srnet.
702 2067 756 2121 Via
770 2072 861 2139 prima
874 2072 978 2135 salutis,

309 2173 392 2237 Quod
402 2169 513 2222 minim'e
526 2169 610 2228 teris,
627 2165 708 2219 Graii
718 2169 852 2235 pandetur
865 2173 898 2222 ab
907 2172 979 2222 urbe.

345 2266 454 2319 Talibus
464 2283 499 2318 ex
508 2268 590 2334 adyto
608 2263 685 2316 dietis
699 2266 809 2316 Cumaea
821 2267 929 2337 Sibylla

310 2365 464 2418 Horrendas
474 2362 544 2415 canit
553 2363 690 2431 ambages,
701 2374 834 2430 antroque
845 2363 982 2433 remugit,

259 2485 310 2526 100
319 2460 444 2517 Obscuris
456 2476 520 2511 veta
533 2459 678 2510 involvens
693 2475 700 2508 ι
714 2474 745 2509 ea
755 2457 839 2510 fraena
853 2460 955 2513 furenti

313 2558 440 2615 Concutit
451 2597 458 2622 ‚
472 2558 498 2609 ὅ(
510 2555 628 2607 stimulos
642 2554 687 2605 sub
697 2553 806 2621 pestore
817 2558 906 2608 vertit
916 2558 1022 2625 Apollo.

313 2662 351 2711 Ut
363 2658 479 2726 primum
488 2653 558 2708 cellit
570 2654 663 2716 sutor,
677 2652 703 2703 ὅ(
714 2652 803 2703 rabida
813 2669 863 2705 ora
874 2654 1018 2723 quierunt;

312 2755 411 2822 Incipit
420 2753 517 2805 AEneas
528 2754 607 2804 heros
618 2770 625 2804 ε
637 2751 700 2802 Non
710 2752 764 2802 ulla
776 2752 919 2817 laborum,

315 2851 342 2904 Ο
353 2849 433 2918 virgo
446 2853 451 2902 !
466 2866 537 2900 nova
549 2849 587 2900 mi
598 2846 677 2900 facies
690 2846 837 2914 inopinave
851 2849 953 2920 surgit:

263 2972 310 3025 105
323 2946 422 3002 Omnia
434 2945 563 3014 praecepi‚
576 2960 654 3014 atque
666 2944 757 2998 animo
769 2961 879 2998 mecum
889 2947 954 3000 ant'e
967 2942 1053 3019 peregi.

318 3049 410 3107 Unum
420 3061 469 3100 oro
479 3064 486 3101 ε
498 3046 602 3116 quando
615 3045 658 3100 bic
667 3041 763 3100 inferni
775 3041 856 3111 janua
868 3045 954 3119 Regis
