2525 3934
295 378 377 461 29⁰
491 347 842 434 AErrrarvos

292 514 464 565 Minotaurus
473 512 552 577 inest,
562 512 672 566 veneris
682 529 868 566 monumenta
878 513 1000 569 nefande.

293 611 346 662 Hic
356 611 432 663 labor
442 609 490 662 ille
502 609 615 673 domin,
628 607 868 663 &inextricabilis
881 629 965 664 error.

294 707 425 775 Magnum
435 706 545 778 Regina
554 707 600 760 sed
610 706 684 760 enim
697 707 845 762 miseratus
855 726 975 762 amorem
1004 688 1012 711 ⁸

294 804 438 868 Damius,
453 804 510 873 ipse
519 807 597 857 dolos
607 801 671 856 teffi
680 805 864 874 ambagesque
875 803 1001 867 resolvit,

243 905 276 958 30
297 901 371 953 Caeca
380 917 474 972 regens
484 900 533 953 filo
541 899 661 970 vestigia.
672 901 717 952 Tu
727 918 844 970 quoque
857 917 971 970 magnam

296 998 400 1050 Partem
407 1015 488 1067 opere
494 997 522 1050 in
530 1011 604 1049 tanto
612 1035 619 1060 ‚
627 995 726 1049 sineret
732 998 832 1062 dolor,
840 1000 910 1050 Icare
918 996 1033 1061 ‚haberes

296 1095 342 1148 Bis
354 1111 464 1149 conatus
475 1111 531 1149 erat
540 1094 613 1147 casus
621 1093 748 1163 effingere
761 1093 794 1145 in
807 1112 875 1146 auro
887 1114 895 1147 :

297 1191 343 1244 Eis
355 1191 447 1260 patriae
459 1191 575 1246 cecidere
586 1206 690 1242 manus.
705 1188 784 1255 Quin
794 1191 923 1259 protinus
936 1191 1016 1243 omnia

299 1289 468 1360 Perlegerent
479 1287 562 1342 oculis
574 1327 582 1352 ‚
595 1287 623 1339 ni
632 1285 685 1353 jam
696 1287 848 1355 praemiffus
860 1290 974 1340 Achates

246 1395 275 1445 35
298 1386 421 1452 Afforet,
437 1402 515 1457 atque
526 1384 578 1439 uni
589 1383 684 1437 Phoebi
696 1384 860 1455 Triviaeque
873 1387 1002 1447 sacerdos,

298 1483 442 1552 Deiphobe
452 1483 547 1536 Glauci
557 1521 564 1546 ‚
577 1482 645 1535 satur
655 1498 714 1550 quae
724 1481 791 1533 talia
800 1482 874 1552 Regi
885 1503 892 1536 :

299 1580 364 1630 Non
377 1579 431 1632 hoc
443 1578 489 1631 ista
500 1578 546 1631 fibi
558 1593 662 1646 tempus
673 1576 825 1646 spectacua
838 1579 948 1648 poscit3

299 1677 378 1727 Nunc
390 1693 469 1746 grege
481 1678 513 1728 de
521 1673 621 1727 intadto
634 1674 735 1742 septem
748 1674 873 1728 mussare
885 1675 1003 1742 juvencos

300 1771 451 1826 Praestiterit
467 1811 475 1834 ‚
491 1772 604 1824 totidem
615 1769 696 1822 tedas
706 1771 738 1822 de
749 1788 831 1824 more
841 1773 971 1828 bidentes.

248 1885 284 1933 40
303 1871 410 1925 Talibus
421 1861 498 1923 affata
508 1867 609 1920 AEuean
619 1865 631 1933 (
641 1883 691 1920 nec
703 1868 778 1922 sacra
789 1886 933 1923 morantur

304 1969 374 2024 Juffa
383 1967 437 2020 viri
447 1970 457 2038 )
468 1967 586 2020 Teucros
597 1978 679 2016 vocat
690 1965 743 2017 alta
756 1964 787 2016 in
802 1970 910 2038 templa
918 1963 1031 2019 sacerdos.

306 2066 430 2118 Excisum
439 2064 560 2116 Euboicae
570 2065 637 2115 latus
647 2054 742 2131 ingens
755 2063 835 2131 rupis
849 2064 881 2117 in
892 2080 1008 2125 antrum,

307 2162 371 2228 Quo
382 2163 430 2214 lati
441 2165 539 2215 ducunt
550 2160 634 2212 aditus
647 2174 754 2211 centum
766 2199 773 2223 ‚
787 2160 858 2214 ostia
871 2179 996 2220 centum3

307 2260 385 2310 Unde
396 2273 474 2310 ruunt
484 2259 597 2310 totidem
607 2274 691 2310 voces
701 2296 709 2320 ‚
722 2257 855 2326 responsa
865 2261 985 2330 Sibyllae.

252 2372 283 2423 45
307 2357 426 2407 Ventum
438 2369 493 2407 erat
502 2356 534 2406 ad
543 2355 626 2406 limen
637 2393 644 2417 ,
656 2354 715 2406 cum
724 2351 808 2422 virgo
820 2373 827 2406 :
840 2355 957 2409 Poscere
968 2356 1014 2409 sata

310 2455 428 2522 Tempus
439 2492 446 2516 ‚
457 2452 494 2510 ait
506 2472 513 2505 ε
526 2455 616 2516 Deus,
629 2468 705 2515 ecce,
718 2452 805 2503 Deus.
819 2451 877 2506 Cui
890 2455 953 2506 talia
964 2450 1021 2506 santi

311 2554 381 2604 Ante
391 2550 482 2612 sores,
497 2544 582 2599 subito
592 2563 648 2597 non
657 2548 748 2597 vultus
760 2585 768 2609 ‚
781 2563 842 2598 non
853 2553 1022 2608 columnus,

311 2653 376 2702 Non
385 2662 497 2718 comptae
507 2644 623 2697 mansere
634 2660 733 2702 comae3
744 2643 790 2695 sed
800 2646 900 2712 pestus
911 2649 1035 2703 anhelum,

313 2750 346 2798 Et
358 2746 429 2798 rabie
438 2745 492 2797 sera
502 2744 579 2795 corda
591 2754 711 2803 tument,
725 2740 871 2810 majorque
883 2746 991 2809 videri,

263 2863 296 2914 50
314 2845 370 2895 Nec
380 2844 491 2893 mortale
501 2841 596 2893 sonans
607 2879 615 2903 ,
627 2837 713 2890 afflata
725 2837 762 2890 est
772 2841 890 2895 numine
904 2845 1009 2912 quando

316 2943 330 2995 J
334 2957 376 2992 am
387 2937 513 3006 propiore
523 2935 586 2990 Dei.
599 2934 685 2987 Cessas
696 2934 724 2985 in
733 2950 800 2988 vota
812 2941 966 3009 precesque
977 2979 984 3003 ,

318 3039 403 3102 Tros,
413 3033 465 3099 ait,
475 3032 557 3086 AEnea
564 3035 575 3086 ἓ
582 3030 660 3085 cessas
667 3033 677 3085 ἓ
685 3047 772 3102 neque
782 3031 860 3086 enim
868 3035 933 3091 ante
940 3034 1045 3092 dehiscet
