2525 3934
311 345 334 424 8
487 340 870 428 Bococrca

308 506 344 556 At
359 521 464 558 mecum
479 504 564 558 raucis
580 546 588 569 ,
608 520 653 558 tua
670 508 733 559 dum
748 507 859 577 vestigia
871 506 975 572 lustro,

309 602 372 653 Sole
389 603 435 654 sub
450 597 551 654 ardeu'ti
568 603 693 656 resonant
710 603 808 656 arbusta
822 605 930 659 cicadis.

309 699 407 749 Nonne
417 698 469 750 suit
479 698 559 751 satius
575 698 660 750 tristes
675 699 845 767 Amaryllidis
856 700 908 752 iras
919 738 927 763 ‚

256 807 285 856 ¹5
307 793 518 862 Atquesuperba
532 795 588 860 pati
603 793 724 847 fastidia?
741 796 838 848 Nonne
855 797 1030 850 Menalcam?

310 890 441 955 Quamvis
458 890 503 942 ille
518 891 594 960 niger
610 930 618 954 ‚
639 892 761 960 manicis
777 905 807 943 tu
822 893 947 946 candidus
965 893 1038 948 effes.

310 985 338 1038 0
353 987 469 1039 formose
485 1004 569 1055 puer,
584 987 698 1041 nimium
714 1005 747 1040 ne
766 991 842 1041 crede
860 989 969 1044 colori:

309 1083 376 1134 Alba
390 1083 494 1153 ligustra
509 1087 604 1137 cadunt
620 1125 628 1149 ,
648 1086 769 1138 vaccinia
783 1087 859 1156 nigra
875 1089 1013 1157 leguntur.

346 1181 493 1249 Despectus
504 1182 553 1234 tihi
567 1183 624 1234 sum
637 1223 646 1245 ,
663 1201 712 1235 nec
724 1183 770 1251 qui
779 1183 827 1235 sim
836 1183 933 1253 quaeris
944 1223 954 1248 ,
964 1183 1054 1242 niem

255 1297 290 1333 20
310 1277 398 1343 Quam
412 1278 488 1329 dives
503 1278 607 1345 pecoris
621 1318 629 1341 ‚
646 1279 721 1331 nivei
732 1278 811 1347 quim
824 1279 901 1333 labiis
913 1282 1051 1333 abundans.

311 1375 389 1426 Mille
407 1393 473 1427 meae
489 1376 584 1428 Siculis
601 1392 688 1428 errant
707 1376 735 1432 iu
750 1376 887 1428 montibus
902 1394 998 1447 agne:
1033 1386 1037 1392 '

311 1470 363 1522 Lac
381 1471 447 1522 mihi
465 1487 521 1521 non
539 1470 624 1522 aestate
643 1489 764 1535 novum,
781 1488 837 1524 non
852 1473 954 1543 frigore
969 1473 1038 1528 defit.

312 1569 399 1619 Canto
411 1585 469 1635 quae
479 1567 591 1628 solitus,
607 1567 626 1617 fi
639 1569 743 1635 quando
760 1585 878 1621 armenta
890 1574 1006 1624 vocabat
1014 1581 1026 1636 ,'

310 1664 448 1733 Amphion
462 1663 582 1716 Dircaeus
601 1664 629 1715 in
642 1665 732 1719 Anao
747 1667 911 1736 Aracyntho.

256 1784 288 1835 25
310 1763 366 1814 Nec
375 1760 432 1813 sum
441 1762 507 1813 adeo
518 1760 655 1812 informis:
667 1778 750 1829 nuper
760 1776 803 1826 me
815 1761 844 1813 in
853 1762 948 1814 littore
958 1763 1031 1826 vidi,

313 1856 381 1911 cum
387 1858 516 1926 placidum
523 1858 612 1912 ventis
619 1857 694 1909 staret
701 1875 780 1910 mare.
787 1860 850 1909 Non
857 1875 908 1927 ego
916 1859 1051 1928 Daphnin,

311 1956 402 2011 Judice
414 1971 441 2008 te
453 1996 461 2019 ,
477 1971 592 2008 metuam
604 1994 612 2017 ,
625 1955 798 2023 sinumquam
808 1955 875 2007 fallit
885 1955 987 2027 imago.
1010 2000 1015 2015 ,
1031 1978 1033 1982 ·

349 2053 377 2106 0
388 2052 581 2106 tantum'libeat
591 2047 695 2105 mecum
707 2052 756 2103 tibi
765 2051 867 2103 sordida
879 2071 940 2106 rura

311 2153 399 2220 Atque
413 2151 527 2203 humiles
541 2150 658 2202 habitare
671 2149 758 2212 casas,
778 2150 804 2200 uc
816 2149 898 2218 figere
910 2167 1017 2205 cervos.

259 2264 293 2315 30
312 2250 508 2321 Haedorumque
520 2262 626 2314 gregem
637 2245 718 2297 viridi
728 2248 888 2312 compellere
899 2245 1018 2302 hibisco!

314 2345 422 2396 Mecum
433 2341 524 2394 onitin
535 2342 620 2410 sylvis
630 2342 766 2394 imitabere
775 2341 845 2392 Pana
854 2345 987 2400 canendo.

237 2436 239 2442 ⁴
313 2441 368 2493 Pan
379 2440 481 2508 primus
494 2441 609 2490 calamos
621 2437 680 2490 certi
692 2437 852 2506 conjungere
867 2441 958 2504 plures

311 2536 446 2592 Instituit:
459 2535 514 2587 Pan
524 2549 597 2586 curat
609 2551 695 2596 oves,
714 2534 861 2602 oviumque
873 2536 1022 2605 magistros.

313 2638 370 2688 Nec
380 2650 407 2687 te
417 2633 548 2702 poeniteat
559 2634 660 2684 calamo
670 2629 770 2684 trivisse
780 2634 918 2686 labellum:

261 2748 292 2801 35
316 2733 380 2786 Haec
392 2733 483 2783 eadem
498 2744 527 2781 ut
538 2729 632 2792 sciret,
649 2728 712 2797 quid
721 2744 778 2780 non
786 2727 895 2782 faciebat
906 2729 1055 2800 Amyntas?

315 2828 357 2881 Est
366 2827 432 2879 milti
441 2825 584 2893 disparibus
596 2824 697 2892 septem
709 2823 844 2890 compacta
856 2824 950 2878 cicutis

314 2924 426 2987 Fistula,
445 2925 583 2975 Damoetas
596 2923 669 2974 dono
689 2919 754 2972 mihi
771 2936 849 2998 quam
865 2921 935 2973 dedit
949 2924 1027 2980 olim.

315 3025 348 3079 Et
357 3020 425 3077 dixit
436 3019 554 3077 moriens
567 3037 573 3072 :
585 3019 623 3073 Te
636 3032 705 3071 nunc
716 3016 793 3069 habet
804 3014 849 3070 ista
861 3016 1017 3079 secundum.
1084 3014 1086 3018 ’
