2525 3934
317 410 1056 491 mmmmm

404 609 585 679 L1BER
620 607 973 680 SECUNDUS.

317 716 536 832 anrnttus
554 796 680 833 arvorum
694 781 798 844 cultus,
817 781 844 832 δι
858 779 943 833 fidera
957 779 1036 833 coeli:

315 874 392 925 Nunc
403 888 445 937 te,
455 875 569 939 bacche,
581 892 687 940 canam,
700 892 749 928 nec
760 893 817 928 non
825 876 966 946 sylvestria
975 892 1059 931 tecum

315 969 437 1039 virgulta
449 1010 457 1033 ‚
470 972 496 1022 &
509 974 611 1040 prolem
622 972 695 1026 tarde
707 973 847 1025 crescentis
859 973 954 1030 olive.
1063 1032 1066 1038 ,

316 1065 376 1117 Huc
387 1105 393 1128 ,
410 1066 510 1134 patero
520 1068 614 1120 Lenaee
624 1069 636 1135 (
646 1069 697 1148 tuis
707 1069 750 1120 hic
761 1068 852 1122 omnia
861 1072 941 1138 plena

282 1165 293 1216 5
315 1163 488 1217 Muneribus:
501 1163 550 1216 tibi
561 1165 705 1233 pampineo
719 1164 842 1234 gravidus
854 1181 988 1220 autumno

315 1259 404 1311 floret
417 1274 499 1329 ager,
516 1261 618 1329 spumat
630 1261 716 1329 plenis
728 1261 864 1314 vindemia
874 1261 979 1330 labris)

315 1356 377 1409 Huc
393 1373 467 1426 parer
478 1357 495 1410 ὀ
507 1358 601 1411 Lenaee
612 1397 620 1422 ‚
631 1357 696 1410 veni
709 1398 717 1422 ,
733 1359 881 1427 nudataque
893 1355 982 1410 musto

316 1451 404 1522 Tinge
415 1470 491 1505 novo
503 1471 606 1506 mecum
619 1453 729 1522 direptis
742 1471 817 1506 crura
831 1454 981 1509 cothurnis.

353 1549 488 1618 Principio
502 1551 637 1603 arboribus
649 1550 724 1602 varia
739 1549 776 1602 est
791 1565 884 1602 natura
899 1551 1029 1604 creandis.

265 1656 298 1696 10
316 1648 440 1714 Namque
455 1646 532 1709 alie,
550 1647 630 1698 nullis
646 1645 787 1698 hominum
805 1645 985 1716 cogentibus,
1004 1646 1063 1715 ipsae

318 1743 420 1811 Sponte
436 1741 480 1793 sui
495 1741 627 1804 veniunt,
643 1743 801 1810 camposque
818 1743 844 1794 δι
858 1741 973 1795 flumina
987 1741 1040 1796 lat'e

319 1842 409 1892 Curva
420 1843 529 1900 tenent,
544 1850 574 1888 ut
586 1837 667 1888 molle
680 1836 739 1888 silet
751 1876 759 1900 ‚
772 1838 904 1905 lentaeque
917 1838 1042 1908 genistae,

318 1936 457 2006 Populus,
474 1935 501 1986 δι
516 1931 606 2002 glauci
622 1930 742 1984 canentia
756 1931 851 1984 fronde
866 1932 967 1986 salida.

319 2033 381 2085 Pars
396 2007 484 2084 autem
495 2029 582 2098 pofito
594 2029 703 2098 surgunt
714 2028 746 2079 de
758 2026 860 2079 semine
873 2066 880 2090 ,
897 2042 928 2079 ut
944 2033 1005 2082 alta

266 2143 296 2195 15
320 2127 465 2191 Castanea,
477 2141 670 2194 nemorumque
679 2125 693 2178 J
696 2123 744 2176 ovi
755 2141 813 2192 quae
823 2124 941 2177 maxima
950 2126 1053 2179 frondet

319 2226 461 2286 AEsculus,
479 2236 556 2290 atque
570 2222 664 2273 habite
680 2219 768 2273 Graiis
787 2225 893 2274 oracubt
909 2240 1031 2291 quercus.

320 2323 433 2375 Pullulat
442 2321 473 2372 ab
482 2320 567 2371 radice
576 2318 635 2371 aliis
647 2318 790 2370 denfiffima
802 2319 896 2388 sylva,

321 2420 360 2471 Ut
371 2417 478 2479 cerasis,
490 2414 621 2482 ulmisque
636 2434 643 2467 ε
654 2415 734 2466 etiam
744 2413 870 2467 Parnaffia
880 2416 972 2469 laurus

320 2515 404 2567 Parva
416 2514 461 2566 sub
473 2511 575 2582 ingenti
585 2511 677 2563 mattis
688 2512 715 2564 se
724 2511 828 2576 subjicit
838 2513 939 2565 umbra.

265 2626 301 2666 20
320 2611 379 2663 Hos
388 2626 480 2663 natura
491 2612 587 2662 modos
596 2609 712 2677 primum
725 2611 811 2672 dedit,
821 2609 863 2660 his
876 2626 957 2679 genus
968 2627 1046 2663 omne

322 2709 464 2778 sylvarum
476 2706 651 2775 fruticumque
660 2705 747 2769 viret,
760 2721 953 2773 nemorumque
963 2707 1089 2759 sacrorum.

359 2806 425 2858 Sunt
437 2804 482 2856 alii
493 2821 561 2873 quos
571 2803 626 2872 ipse
637 2802 683 2855 vid
693 2802 739 2855 fibi
749 2801 865 2869 repperit
873 2801 944 2854 usus.

321 2902 375 2957 Hic
385 2903 485 2970 plantas
496 2917 588 2953 tenero
598 2899 749 2952 abscindens
762 2900 793 2949 de
803 2915 917 2966 corpore
928 2917 1040 2953 matrum

323 2996 456 3066 Deposuit
467 2996 545 3048 sulcis
557 3016 562 3048 :
574 2996 617 3047 hic
626 2995 717 3063 stirpes
729 2993 816 3047 obruit
828 3011 913 3058 arvo,

269 3114 301 3167 25
323 3093 539 3166 Quadtifidasque
555 3092 649 3157 sudes,
668 3093 786 3146 &acuto
803 3091 899 3144 robore
914 3093 1020 3153 vallos;
