2525 3934
392 402 775 489 Lruunll.
907 433 961 514 79

218 570 277 638 Qui
286 572 351 626 saxo
361 574 525 643 superatque
535 572 649 643 ingentis
660 574 777 640 pondere
785 569 857 624 testae

218 673 355 740 Urgerent
366 673 436 726 :hoc
447 670 544 724 effusos
557 671 695 723 munimen
705 673 738 722 ad
749 671 845 723 imbres
856 687 866 730 ·,

218 769 282 820 Hoc
291 769 337 822 ubi
345 771 433 823 hiulca
442 770 483 822 siti
494 768 572 821 findit
581 770 661 821 Canis
671 767 763 821 aestiser
774 785 845 821 arva.

257 867 409 919 Seminibus
419 867 512 935 positis
525 906 532 931 ,
544 866 659 935 superest
669 868 793 918 deducere
805 880 902 917 terram

221 945 324 1031 Saepius
333 967 366 1016 ad
377 963 480 1032 capita,
494 964 520 1015 δι
531 964 610 1016 duros
619 963 713 1029 instare
723 964 840 1015 bidentes
851 980 860 1023 3
969 975 1019 1029 355

221 1061 277 1111 Aut
286 1060 372 1128 presso
384 1077 509 1112 exercere
519 1061 605 1113 solum
615 1061 660 1112 sub
670 1077 781 1112 vomere
792 1100 799 1124 ‚
812 1061 838 1112 δι
848 1060 903 1128 ipsa

221 1155 338 1208 Flesiere
349 1157 478 1210 lusiautes
491 1158 559 1228 inter
571 1158 661 1210 vineta
671 1156 814 1219 iuvencos:

222 1252 296 1302 Tum
305 1253 380 1304 leves
391 1256 506 1305 cularum
518 1255 545 1305 ἃ
556 1255 617 1306 rasae
629 1254 730 1306 hastilia
740 1255 839 1324 virgae,

222 1348 416 1419 Fraxineasque
428 1365 516 1418 aptare
526 1350 600 1402 sudes
613 1389 620 1414 ‚
635 1352 770 1420 furcasque
780 1338 920 1416 bicornes,

224 1444 336 1528 Viribus
347 1445 414 1498 eniti
426 1425 536 1515 quarum
547 1486 555 1510 ,
566 1447 592 1498 &
606 1463 778 1500 contemnere
788 1464 886 1502 ventos
969 1452 1022 1518 360

223 1530 393 1608 Assuescant,
409 1545 574 1613 summasque
582 1545 656 1614 sequi
665 1547 777 1598 tabulata
787 1563 835 1614 per
843 1548 940 1602 ulmos.

223 1642 264 1692 Ac
273 1643 336 1692 dum
345 1622 429 1709 prima
440 1644 521 1695 novis
533 1644 658 1697 adolescit
668 1645 803 1698 frondibus
813 1659 874 1697 aetas
884 1684 893 1709 ,

223 1738 387 1790 Parcendum
398 1741 512 1792 teneris:
527 1740 553 1791 &
566 1743 627 1792 dum
640 1742 665 1793 se
676 1742 751 1794 laetus
761 1742 792 1793 ad
804 1759 878 1794 auras

224 1837 328 1889 Palmes
338 1836 411 1906 agit,
426 1837 494 1889 laxis
506 1855 657 1906 perpurum
669 1837 797 1890 immissus
806 1838 915 1891 habenis
928 1878 936 1902 ,

224 1930 283 2002 Ipsa
294 1927 363 1987 acies
373 1935 491 2001 nondum
500 1936 574 1989 salcis
583 1938 706 1988 tentanda
716 1955 724 1995 3
740 1936 784 1988 sed
792 1935 867 1989 uncis
970 1940 1018 2005 365

228 2035 372 2102 Carpendae
382 2033 502 2084 manibus
512 2033 619 2084 frondes
629 2071 637 2095 ,
655 2032 776 2100 interque
787 2032 913 2101 legenda.

223 2131 288 2181 Inde
302 2129 348 2181 ubi
359 2128 412 2194 jam
420 2129 516 2181 validis
524 2132 656 2202 ¹ampleuae
666 2128 787 2196 stirpibus
796 2129 885 2180 ulmos

223 2225 348 2278 Exierint
359 2265 367 2289 ,
382 2240 437 2277 tum
448 2226 543 2296 stringe
553 2243 642 2278 comas
654 2267 661 2290 ,
674 2240 731 2278 tum
742 2225 845 2278 brachia
856 2225 946 2280 tonde.

224 2321 296 2375 Ante
309 2321 478 2374 reformidant
489 2324 585 2374 serrum
596 2343 602 2375 z
614 2339 671 2374 tum
684 2323 796 2391 denique
808 2325 870 2376 dura

225 2422 326 2472 Exerce
336 2419 446 2488 imperia
458 2461 465 2483 ‚
485 2422 511 2472 &
522 2438 609 2472 ramos
619 2421 757 2489 compesce
769 2419 891 2472 fluentes.
969 2439 1020 2494 370

226 2518 358 2570 Texendae
365 2517 440 2585 sepes
450 2515 545 2577 etiam,
557 2517 582 2566 ὅ(
593 2532 672 2584 pecus
680 2533 760 2568 omne
766 2518 907 2567 tenendum
914 2515 951 2568 est

223 2612 357 2686 Praecipu'e
364 2615 427 2665 dum
436 2613 510 2664 frons
520 2627 608 2664 tenera
618 2613 819 2680 impendensque
830 2612 964 2664 laborum:

225 2710 275 2764 Cui
287 2712 365 2779 super
372 2708 494 2778 indignas
504 2711 633 2779 hyemes,
646 2709 781 2776 solemque
791 2722 927 2776 potentem
938 2747 946 2771 ,

223 2807 371 2879 sylvestres
380 2808 423 2859 uri
435 2806 530 2861 affidu'e
538 2809 689 2875 capreaeque
699 2807 820 2875 sequaces

223 2909 357 2965 Illudunt3
372 2905 514 2973 pascuntur
525 2922 591 2957 oves
604 2946 611 2969 ‚
623 2904 759 2972 avidaeque
768 2903 896 2969 iuvencae.
970 2927 1017 2980 375

223 3003 331 3076 frigora
340 3019 390 3057 nec
402 3001 504 3055 tannim
513 3001 576 3054 cani
585 3018 707 3056 concreta
716 3000 809 3071 pruind
820 3040 827 3065 ,

782 3098 808 3150 D
829 3096 857 3149 iv
