2525 3934
187 285 1035 655 -

314 916 318 925 ,
431 825 675 911 Lraau
726 774 808 909 VI.
906 851 980 934 32¹

243 989 329 1058 Quis,
340 1004 432 1061 parer,
444 992 490 1049 ille
501 992 591 1047 virum
603 968 650 1061 qui
661 991 695 1044 fic
705 989 847 1044 comitatur
857 995 964 1058 euntem
975 989 986 1042 ἓ

225 1165 227 1169 Ι
243 1089 327 1143 Filius
340 1091 428 1145 ianne
440 1090 536 1161 aliquis
548 1107 643 1160 magna
652 1092 686 1142 de
693 1086 772 1157 stirpe
783 1087 932 1159 nepotum?
989 1082 1044 1144 864

188 1171 210 1182 γ’
242 1177 1035 1258 Quillrepituscircicomirumlquanmminstarinipsoest!

241 1283 361 1338 Sednox
370 1302 426 1339 atra
434 1300 512 1353 caput
521 1285 587 1337 tristi
596 1284 772 1337 circumvolat
781 1280 882 1337 umbri.

187 1378 194 1437 ⁴.
240 1368 312 1435 Tum
324 1398 399 1452 pater
409 1383 536 1436 Anchises
545 1383 671 1452 lacrymis
681 1381 808 1452 ingreffus
818 1378 936 1433 obortis:

188 1548 190 1553 Ι
240 1477 356 1540 Gnate,
369 1477 504 1547 ingentem
513 1479 614 1532 lullum
623 1496 657 1531 ne
667 1495 754 1548 quaere
764 1493 881 1531 tuorum.

239 1571 388 1629 Ostendent
400 1573 476 1626 terris
489 1576 558 1628 hunc
570 1575 672 1628 tantum
683 1575 752 1639 fata,
769 1590 855 1642 neque
868 1569 937 1625 ultra

237 1667 298 1722 Effe
310 1668 402 1725 finent.
411 1672 531 1725 Nimium
540 1674 746 1726 vobisRomana
755 1687 876 1740 propago
986 1667 1041 1730 870

237 1765 306 1819 Visa
314 1784 430 1836 potens,
446 1769 554 1837 Superi,
567 1769 676 1838 propria
688 1771 743 1822 haec
754 1767 773 1819 fi
786 1769 854 1820 dona
868 1763 982 1820 fuissent.

238 1863 362 1929 Quantos
374 1864 419 1917 ille
431 1865 520 1918 virilm
533 1882 656 1935 magnam
667 1862 801 1916 Mavortis
812 1863 844 1915 ad
854 1863 946 1914 urbem

237 1961 355 2029 Campus
364 1977 424 2032 aget
433 1962 547 2032 gemitus
560 1966 566 2016 !
577 1963 623 2013 vel
634 1979 691 2029 quae
701 2000 708 2025 ‚
717 1959 867 2030 Tyberim,
879 1957 981 2012 videbis

235 2058 354 2121 Funera,
364 2059 425 2112 curn
434 2062 566 2113 tumulum
577 2057 760 2127 praeterlabire
769 2059 915 2113 recentem!

233 2155 293 2207 Nec
304 2170 370 2222 puer
380 2156 459 2209 Iliaca
469 2157 605 2226 quisquam
615 2158 648 2209 de
658 2171 736 2226 gente
747 2155 858 2208 Latinos
982 2154 1032 2221 875

233 2251 268 2302 ln
277 2264 380 2305 tantum
390 2253 435 2323 spe
444 2256 522 2307 tollet
530 2272 597 2308 avos
608 2273 616 2315 3
632 2270 681 2306 nec
692 2254 806 2306 Romula
818 2251 951 2319 quondam

235 2348 301 2398 Ullo
311 2349 337 2402 se
346 2351 448 2404 tantiam
458 2354 536 2404 tellus
545 2352 650 2416 jauabit
660 2354 778 2402 alumno.

234 2443 296 2496 Heu
304 2445 389 2512 pietas
401 2451 407 2497 !
418 2447 471 2496 heu
482 2445 567 2512 prisca
576 2442 642 2494 fides
651 2447 656 2495 !
666 2441 816 2509 inviiiaque
826 2441 897 2492 bello

233 2542 370 2593 Dextera!
383 2555 439 2590 non
448 2538 488 2590 illi
498 2537 637 2606 quisquam
648 2538 674 2589 se
687 2536 795 2604 impun'e
808 2534 905 2589 tulisset

235 2635 341 2689 Obvius
353 2650 471 2699 armato,
483 2635 529 2687 seu
541 2635 601 2687 clim
610 2636 690 2702 pedes
700 2633 750 2686 iret
759 2632 788 2685 in
796 2633 916 2698 hostem,
978 2640 1033 2695 880

232 2736 286 2788 Seu
297 2732 442 2801 spumantis
455 2731 517 2799 equi
529 2731 632 2784 foderet
642 2730 783 2785 calcaibus
794 2748 891 2784 armos.

232 2832 310 2895 Heu,
323 2830 470 2884 miserande
481 2845 547 2897 puer
559 2832 566 2882 l
580 2827 661 2896 liqui
669 2828 722 2880 fata
733 2829 823 2895 aspera
833 2845 957 2896 rumpas,

231 2928 275 2981 Tu
287 2929 429 2982 Marcellus
441 2925 504 2980 eris.
514 2923 641 2978 Manibus
653 2925 711 2977 date
720 2920 777 2974 lilia
789 2920 893 2988 plenis:

232 3023 382 3090 ffirpureos
391 3004 510 3094 spargam
521 3021 601 3076 flores
613 3018 780 3097 animamque
791 3015 899 3084 nepotis

231 3117 282 3172 His
293 3119 385 3172 saltem
394 3124 557 3174 accumulem
567 3118 645 3193 donis
656 3117 701 3193 ,¹81
710 3117 802 3184 &angar
812 3113 884 3167 inani
976 3124 1010 3177 88
1015 3138 1027 3193 5

230 3215 354 3271 Munere.
367 3215 411 3270 Sic
420 3217 476 3270 τοτὲ
486 3215 577 3286 paffim
589 3215 698 3285 regione
708 3226 837 3282 vagantur

228 3312 307 3368 Aeris
319 3311 348 3366 iu
357 3313 457 3383 campis
466 3313 544 3375 latis,
557 3327 635 3380 atque
648 3301 738 3363 omnia
746 3307 862 3363 lustrant.

229 3414 298 3480 Qua
310 3408 449 3480 postquam
460 3409 587 3463 Anchises
597 3422 687 3461 natum
697 3424 744 3476 per
755 3406 854 3478 fingula
863 3406 952 3474 duxit,

228 3506 401 3578 Incenditque
411 3505 529 3561 animum
538 3505 614 3559 famae
627 3503 760 3558 venientis
773 3521 878 3566 amore3
