2525 3934
393 355 810 486 ῙΙΒΕΚΙΙΙ.
889 429 962 508 215

221 559 256 612 Et
266 572 340 628 pater
349 560 474 613 Anchises
486 579 492 613 :
505 561 622 626 Bellum,
634 560 651 614 ὂ
661 576 730 613 terra
735 561 841 629 hospita
850 601 857 624 ‚
867 577 968 628 portas.

220 660 300 712 Bello
307 659 522 729 armanturequi:
531 661 631 715 bellurn
636 661 694 713 laaec
699 673 818 712 armenta
823 659 966 712 minanmr.
978 665 1029 718 540

224 757 280 808 Sed
291 769 381 813 tamen
389 755 470 811 iidem
482 758 550 810 olim
559 775 637 810 curru
647 759 784 811 succedere
793 756 862 810 sueti

228 853 419 923 Quadrupedes
430 893 439 917 ‚
453 855 481 906 δι
492 855 574 906 sraena
584 853 649 924 jugo
660 855 802 907 concordia
810 853 877 908 serre
888 871 895 907 ε

223 950 291 1018 Spes
301 949 337 1003 est
346 950 420 1019 pacis
431 988 440 1012 ‚
450 948 497 1002 ait.
507 950 577 1002 Tum
587 949 790 1008 numinasandia
800 965 937 1019 precamur

224 1045 337 1104 Palladis
351 1044 492 1098 armisona
504 1084 512 1109 ,
524 1063 582 1114 qua
592 1046 679 1115 prima
687 1047 788 1115 accepit
797 1060 928 1100 ovantes:

224 1144 260 1194 Et
272 1142 359 1208 capita
370 1157 432 1194 ante
443 1159 500 1195 aras
512 1143 631 1214 Phrygio
644 1146 764 1197 velamur
776 1141 891 1203 amisiu3
982 1149 1028 1201 545

228 1237 423 1306 Praeceptisque
435 1239 548 1303 Heleni,
561 1242 667 1293 dederat
678 1257 737 1308 quae
749 1238 884 1301 maxima,
896 1235 947 1289 rite

227 1335 244 1389 J
246 1333 331 1387 unoni
342 1333 449 1404 Argiva
457 1333 538 1400 iussos
548 1337 685 1388 adolemus
694 1336 822 1387 honores.

229 1433 309 1484 Haud
318 1447 396 1485 mora
408 1470 416 1495 ‚
429 1429 559 1483 continuo
571 1431 695 1500 perfeffis
705 1431 799 1483 ordine
810 1429 904 1495 votis,

231 1531 340 1582 eornua
347 1529 496 1581 velatarum
509 1527 674 1581 obvertimus
683 1542 879 1588 antennarum

231 1623 467 1695 Graiugenumque
474 1627 579 1690 domos,
586 1625 758 1696 suspestaque
766 1625 911 1695 linquimus
919 1642 991 1679 arva.

233 1721 304 1773 Hinc
313 1721 384 1775 finus
394 1722 517 1775 Herculei
527 1761 535 1788 ‚
548 1723 641 1777 livera
648 1723 685 1777 est
695 1724 765 1777 fama
776 1763 784 1789 ‚
796 1723 905 1779 Tarenti
982 1736 992 1787 5
1002 1735 1031 1786 51

233 1818 376 1874 Cernimr:
392 1819 491 1873 attollit
502 1820 529 1873 se
540 1819 615 1874 Diua
622 1821 731 1876 Lacinia
739 1820 850 1886 contri,

233 1917 412 1986 Caulonisque
424 1935 514 1982 arces,
532 1919 560 1970 ἃ
570 1919 738 1988 navifragum
750 1920 923 1988 Scylaceum.

232 2013 303 2065 Tum
312 2015 406 2081 procul
416 2031 431 2066 e
440 2012 523 2066 fluslu
536 2015 674 2065 Trinacria
685 2013 802 2065 cernitur
813 2012 911 2082 AEtna:

234 2109 267 2159 Et
277 2109 406 2176 gemitum
418 2109 555 2177 ingentem
566 2108 673 2178 pelagi,
689 2108 842 2179 pulsataque
857 2109 918 2163 saxa
985 2144 1032 2196 555

180 2212 182 2223 '
235 2203 366 2256 Audimus
377 2202 478 2271 longe,
493 2201 641 2271 fractaque
653 2205 685 2255 ad
694 2202 786 2257 littora
796 2222 897 2268 voces3

178 2290 183 2323 ³
236 2299 523 2367 Exfriltantquevada,
539 2298 839 2367 atqueaestumiscentur
850 2319 949 2358 menaea

212 2464 215 2469 Ι
236 2401 270 2452 Et
281 2412 356 2468 pater
366 2395 494 2450 Anchises
507 2413 515 2448 z
527 2394 661 2454 Nimirum
669 2397 727 2451 haec
738 2397 785 2451 illa
797 2399 962 2470 Charybdis:

178 2478 183 2510 ¹
235 2497 297 2550 Hos
307 2495 426 2547 Helenus
436 2492 644 2561 scopulos,hoec
652 2493 714 2545 saara
722 2494 853 2547 horrenda
863 2498 981 2551 canebat.

236 2591 357 2660 Eripite,
371 2570 392 2644 'd
401 2591 486 2656 socii,
499 2591 650 2660 pariterque
661 2589 789 2662 insurgite
800 2592 891 2648 remis.
990 2595 1041 2660 560

237 2689 319 2741 Haud
329 2687 416 2740 miruis
427 2705 458 2741 ac
466 2687 524 2754 juffi
532 2687 632 2741 faciunt
642 2727 650 2754 ,
662 2687 817 2758 primusque
829 2691 967 2746 madentem

240 2781 379 2837 Contorfit
392 2784 473 2836 lavas
485 2800 591 2852 proram
602 2784 741 2839 Palinurus
752 2786 785 2839 ad
794 2766 876 2841 undas
886 2806 894 2844 t

240 2884 350 2935 Laevam
360 2877 453 2932 cunda
463 2880 561 2932 cohors
573 2879 654 2931 remis
662 2881 803 2951 ventisque
814 2883 923 2951 petivit.

240 2976 376 3030 Tollimur
388 2977 417 3029 in
429 2978 528 3029 coelum
539 2989 651 3031 curvato
663 2976 785 3049 gurgite,
798 2979 914 3034 &iidem

244 3071 374 3134 smauea
383 3072 416 3133 ad
426 3089 517 3132 manes
529 3072 600 3132 imos
611 3073 793 3133 descendimus
802 3075 882 3133 undd.
925 3136 927 3141 ,
996 3084 1043 3151 565
