2525 3934
378 320 647 409 ¹[rann
706 318 743 407 I.
895 346 946 431 57

212 492 315 556 ltuppea
330 502 504 558 torquentem
518 489 632 545 Balearis
646 492 756 544 verbera
767 489 871 552 funde,

212 585 271 636 :um
279 587 328 637 nix
337 589 391 639 alta
401 586 485 652 iacet,
497 587 608 656 glaciem
619 604 680 640 cum
690 586 801 638 flumina
811 586 928 640 trudunt.
949 588 1003 643 310

239 681 310 746 Quid
321 683 490 751 tempestates
502 683 642 745 aunuum,
660 683 688 734 ἃ
702 681 782 734 iidem
793 682 899 735 dicam?

212 777 289 846 itque
303 779 349 831 ubi
361 778 415 845 jam
430 778 592 847 breviorque
604 778 679 840 dier,
697 778 723 830 bt
735 777 846 830 mollior
856 776 946 842 restae,

212 875 269 940 Quae
280 874 418 943 vigilanda
427 873 496 927 viris
507 877 518 927 l
529 875 575 926 vel
586 873 647 926 crim
656 873 710 925 ruit
718 873 880 927 imbriferum
888 891 950 939 ver,

212 972 296 1040 ipicea
307 971 362 1036 iam
373 972 474 1040 campis
490 971 550 1024 crim
561 970 648 1023 meffis
659 971 791 1024 inhorruit
803 1009 811 1034 ‚
824 971 850 1023 &
859 971 919 1023 clun

212 1071 347 1125 immerita
357 1069 386 1120 in
394 1069 476 1122 viridi
484 1069 578 1138 stipula
588 1068 712 1122 labentia
721 1071 849 1139 turgent?
952 1056 1002 1130 315
1058 1138 1070 1151 ³

212 1167 282 1234 iaepe
294 1181 365 1234 ego,
380 1165 441 1218 crim
451 1165 529 1218 flavis
541 1165 681 1219 messorem
697 1166 831 1218 induceret
841 1162 914 1216 ervit
954 1170 958 1179 '

212 1261 333 1331 Agricola
342 1300 350 1324 ‚
368 1263 394 1314 δι
403 1261 491 1331 fragili
500 1261 553 1328 jam
564 1261 703 1332 stringeret
711 1263 811 1314 hordea
819 1262 929 1325 culmo,

212 1357 309 1411 Omnia
324 1372 470 1412 ventorum
483 1376 642 1412 concurrere
651 1358 748 1428 proelia
758 1336 834 1421 vidi,

212 1456 276 1520 Qun
289 1454 425 1524 gravidam
436 1453 490 1508 late
505 1455 621 1524 segetem
632 1456 664 1507 ab
679 1455 807 1509 radicibus
817 1453 879 1508 imis

212 1549 328 1605 Sublim‘e
340 1551 477 1618 expulsam
485 1564 626 1611 eruerent;
642 1549 679 1603 ita
687 1551 789 1604 turbine
798 1551 878 1622 nigro
952 1563 1006 1616 320

212 1648 403 1716 Ferrethyemr
410 1650 578 1717 crrlmumque
584 1650 673 1702 levem
681 1647 850 1719 ,stipulasque
855 1652 990 1701 volantes.

212 1746 287 1814 Saepe
296 1743 378 1798 etiarn
387 1745 544 1797 immensum
553 1748 624 1799 coelo
630 1745 708 1798 venir
717 1763 811 1816 agmen
816 1762 954 1816 aquarum,

212 1843 243 1893 Er
251 1843 350 1895 foedam
360 1843 509 1910 glomerant
517 1841 698 1909 tempestatem
706 1841 834 1895 imbribus
841 1841 906 1896 atris

212 1937 338 1997 Collesiae
348 1954 384 1991 ex
392 1940 448 1991 alto
457 1939 540 1990 mrbes
550 1957 559 1991 ε
570 1938 623 1990 ruit
634 1941 729 1991 arduus
738 1938 837 1998 ambert

212 2039 244 2099 Et
254 2036 348 2103 pluvii
357 2034 461 2103 ingenti
469 2035 523 2086 sata
534 2037 611 2098 lata,
625 2036 760 2104 boumque
770 2037 875 2090 labores
960 2051 1009 2106 325

212 2133 304 2185 Diluit
314 2151 321 2184 ι
332 2131 475 2198 implentur
484 2131 576 2196 follae,
595 2133 621 2184 dt
635 2150 700 2185 cava
714 2133 824 2186 flumina
837 2134 956 2187 crescunt

213 2234 287 2282 Cum
299 2227 408 2290 sonitu,
422 2229 560 2297 servetque
571 2229 644 2281 fretis
657 2229 813 2297 spirantibus
824 2248 926 2300 aequor.
959 2242 962 2249 '

212 2328 271 2396 lpse
285 2326 378 2389 Pater,
390 2325 475 2378 medii
484 2327 636 2377 nimborum
648 2327 677 2377 in
685 2326 763 2378 nodie
775 2327 906 2390 ,enarrer

214 2424 336 2477 fulmina
345 2423 455 2474 molitur
464 2421 575 2481 dextri,
593 2438 648 2489 quo
657 2422 773 2474 maxima
784 2438 861 2476 motu

215 2522 298 2574 Terra
309 2519 419 2581 tremit,
436 2518 527 2587 fugire
538 2519 617 2582 serre,
635 2519 661 2570 ὃι
676 2519 798 2572 mortalia
811 2521 892 2573 eorda
962 2537 1015 2591 330

215 2620 265 2671 Per
276 2631 368 2686 gentes
378 2615 488 2667 humilis
497 2614 588 2667 stravit
598 2632 684 2683 pavor
696 2634 703 2666 ε
714 2616 761 2668 ille
770 2615 889 2686 flagranti

217 2717 271 2773 Aut
280 2713 352 2765 Atho
363 2751 371 2777 ‚
385 2725 431 2764 aut
442 2711 593 2779 Rhodopen
604 2748 612 2772 ‚
628 2725 673 2762 aur
683 2712 735 2762 alta
746 2715 873 2766 Ceraunia
885 2719 943 2769 telo

218 2809 340 2878 Dejicit5
354 2806 520 2877 ingeminant
529 2805 633 2868 Austri,
650 2806 676 2857 ἃ
690 2807 847 2863 denfiffimus
858 2811 959 2867 imber:

220 2910 296 2961 Nunc
303 2921 414 2958 nemora
424 2903 527 2972 ingenti
533 2919 634 2966 vento,
644 2920 714 2956 nunc
723 2905 814 2959 littora
822 2911 961 2978 plangunt.

257 3003 318 3059 Hoc
327 3016 449 3059 metuens
460 3037 471 3066 ‚
484 2999 548 3055 coeli
556 2999 660 3055 menses
669 3001 784 3055 &fidera
793 3003 885 3069 serva,
944 3040 948 3046 .
966 3021 1017 3076 335

762 3095 784 3146 C
803 3110 822 3146 u
