2525 3934
275 393 359 500 296
472 382 833 467 AEnrrnos

274 550 404 604 Ostendat
414 566 525 602 nemore
535 548 565 601 in
575 562 653 602 tanto
666 553 677 604 Ι.
687 552 801 618 quando
811 549 905 604 omnia
912 550 973 604 vere

276 647 341 700 Heu
351 646 465 699 nimium
477 648 509 699 de
518 661 545 699 tc
556 661 649 710 vates,
662 646 793 712 Misem,
810 651 900 701 locuta
912 647 958 700 est.

222 757 274 809 190
311 743 370 796 Vix
378 760 409 796 ea
417 743 487 796 latus
499 757 573 806 crat,
584 741 700 812 gemine
708 743 775 796 cnm
784 746 858 799 sorti
866 746 990 798 columbe

277 840 335 908 lpsa
344 839 390 892 sub
401 856 448 892 ora
459 839 513 892 viri
522 842 594 893 coelo
603 856 705 892 venere
713 843 869 906 volantes,

241 976 244 981 -
278 937 311 991 Et
320 935 400 989 viridi
411 936 501 989 sedere
511 937 580 990 solo.
592 936 665 987 Tum
676 936 818 989 maximus
829 939 907 990 beros

279 1032 415 1085 Maternus
431 1031 549 1102 agnoscit
564 1046 647 1095 aves,
661 1033 797 1101 latusque
806 1049 946 1100 precatur:

281 1129 338 1183 Este
349 1131 442 1194 duces,
453 1129 486 1193 ὁ,
496 1128 515 1180 si
526 1127 587 1198 quia
597 1127 644 1180 via
654 1127 711 1192 est,
727 1131 896 1199 cursumque
907 1147 952 1198 per
961 1145 1019 1182 auras

227 1241 274 1295 195
285 1226 402 1296 Dirigite
412 1224 544 1289 inlutos,
559 1224 605 1277 ubi
614 1224 747 1294 pinguem
756 1226 838 1279 dives
852 1242 948 1296 opacat

282 1324 381 1376 Ramus
393 1324 504 1374 humum
515 1341 522 1375 :
532 1336 612 1390 tuque
622 1320 641 1372 ὁ
652 1320 742 1373 dubiis
751 1339 790 1374 ne
798 1322 887 1377 defice
896 1325 987 1386 rebus,

281 1421 356 1473 Diva
367 1437 472 1489 parens.
483 1418 527 1471 Sic
536 1415 628 1470 effatus
638 1415 754 1486 vestigia
763 1419 860 1486 preslit
871 1460 879 1484 ,

283 1516 437 1569 Observans
447 1533 505 1585 que
515 1514 586 1584 signa
594 1513 679 1567 ferant
689 1551 697 1576 ‚
708 1511 768 1582 qui)
778 1516 894 1569 tendere
903 1528 1007 1586 pergant.

283 1613 424 1665 Pascentes
435 1613 488 1665 illa
500 1612 603 1665 tantum
617 1609 727 1679 prodire
738 1614 868 1666 volando
879 1652 888 1677 ‚

231 1722 284 1762 200
292 1710 428 1778 Quantum
439 1710 495 1761 acie
507 1707 611 1778 poffent
622 1706 696 1760 oculi
707 1707 820 1762 servare
833 1711 991 1779 sequentum.

288 1810 352 1862 lnde
361 1805 407 1859 ubi
415 1819 514 1856 venere
525 1804 557 1853 ad
565 1802 653 1854 fauces
662 1818 748 1870 grave
757 1806 867 1860 olentis
881 1806 986 1864 Averni,

288 1908 400 1959 Tollunt
412 1903 438 1956 se
450 1902 547 1954 celeres
560 1939 568 1963 ,
582 1897 771 1968 liquidumque
781 1917 835 1968 per
847 1904 908 1956 ae'ra
916 1900 998 1970 lapsa,

289 2003 398 2055 Sedibus
410 1999 508 2070 optaris
520 1995 625 2067 gemina
637 1994 714 2063 super
726 1997 827 2051 arbore
839 2001 939 2063 fidunt,

289 2099 416 2152 Discolor
428 2099 497 2150 unde
508 2095 564 2149 auri
576 2112 621 2164 per
631 2110 719 2146 ramos
732 2111 795 2146 aura
809 2098 923 2152 refulfit.

234 2208 283 2259 205
294 2196 379 2260 Quale
390 2197 458 2245 solet
470 2195 554 2262 sylvis
566 2191 678 2246 brumali
689 2191 792 2260 frigore
802 2194 914 2248 viscum

289 2293 393 2344 fronde
402 2289 490 2342 virere
502 2291 594 2354 novi,
608 2291 679 2360 quod
689 2305 745 2340 nou
757 2290 804 2342 sua
817 2293 937 2346 seminat
952 2293 1031 2351 arbos.

248 2438 250 2441 ,
290 2391 323 2443 Et
335 2403 431 2443 croceo
442 2387 512 2441 foetu
523 2401 620 2439 teretes
631 2385 793 2439 circumdare
804 2402 921 2442 truncos
933 2409 941 2443 :

292 2487 364 2540 Talis
374 2501 429 2539 erat
439 2484 539 2553 species
552 2485 608 2536 auri
619 2482 769 2536 frondentis
782 2485 873 2551 opaci

292 2586 356 2640 llice
369 2606 376 2640 :
390 2585 424 2638 sic
433 2581 487 2636 leni
496 2581 640 2649 crepitabat
649 2579 751 2632 bratica
760 2596 863 2636 vento.

237 2701 291 2740 210
299 2684 419 2751 Corripit
430 2681 567 2748 extemplo
579 2675 674 2730 AEneas
686 2716 694 2741 ‚
706 2677 857 2747 avidusque
869 2682 996 2754 refringit

294 2779 487 2841 efflantem,
504 2777 530 2828 δι
541 2773 611 2828 vatis
623 2786 712 2841 portat
722 2772 852 2827 subrecta
865 2777 989 2849 Sibylla.

330 2879 387 2928 Nec
398 2875 486 2927 minuis
497 2872 599 2926 interea
612 2870 745 2924 Misenum
756 2869 785 2920 in
794 2870 894 2927 littore
907 2876 1007 2931 Teucri

295 2976 420 3035 Flebant,
435 2972 461 3023 &
472 2970 555 3022 cineri
567 2972 672 3039 ingrato
682 2969 804 3036 suprema
814 2970 955 3031 ferebant.

297 3068 432 3142 Principii>
442 3067 568 3141 pinguem
579 3066 652 3120 tedis
664 3064 799 3120 &robore
810 3065 889 3124 seclo
