2525 3934
336 394 415 471 262
535 378 888 488 AENarnos

331 549 442 651 ¹¹¹¹&st
453 567 461 602 t
474 548 520 601 illa
529 549 603 601 Noto
613 544 693 599 citius
704 543 872 613 volucrique
884 540 979 625 sagitt&

333 648 374 698 Ad
384 661 482 699 terram
494 644 581 714 fugit,
593 643 621 696 δι
631 656 713 711 portu
723 641 752 693 se
765 640 891 693 condidit
900 644 967 693 alto.

368 742 440 794 Tum
452 737 667 801 sammua,
680 735 785 789 cunffie
797 753 837 791 ex
848 753 929 790 more
938 733 1039 796 vocatia

277 849 327 899 245
337 838 478 892 Victorem
488 835 583 907 magua
597 833 730 905 preconis
742 849 820 887 voce
827 833 995 887 Cloanthum

333 938 475 999 Declarat,
488 934 622 1003 viridique
633 933 741 985 advelat
753 945 885 1000 tempora
894 933 971 985 lauro
984 948 992 991 3

334 1032 501 1101 Muneraque
513 1029 542 1081 in
550 1045 634 1082 naves
646 1066 654 1092 ‚
672 1042 769 1081 ternos
783 1042 887 1096 optare
897 1027 1032 1095 iuvencos.

335 1127 460 1197 Vinaque
470 1166 478 1191 ,
499 1127 527 1178 δι
535 1125 638 1195 argenti
647 1140 778 1193 magnum
787 1125 837 1176 dat
846 1125 918 1177 ferre
927 1126 1039 1176 talenttn

335 1222 399 1290 lplit
411 1221 559 1290 praecipuos
571 1219 724 1273 dustoribut
734 1218 811 1272 addit
822 1220 966 1285 honores,

281 1333 334 1384 ²50
344 1319 448 1372 viliori
454 1319 620 1388 chlamydem
627 1329 746 1369 auratam
753 1308 862 1384 ‚'quam
871 1312 1040 1384 plurimun

336 1415 454 1484 Purpura
463 1415 600 1467 Maandro
610 1410 710 1479 duplici
718 1409 860 1465 Meliboea
868 1411 992 1467 tumuit.

336 1511 510 1580 intextusque
519 1525 585 1578 puer
592 1505 721 1561 frondosi
729 1505 825 1577 regius
835 1508 884 1560 Ida

338 1607 456 1659 Velocee
466 1605 553 1671 jaculo
562 1619 657 1658 cervos
671 1602 818 1671 cursusque
827 1603 926 1673 fatigat

338 1701 422 1763 Acer,
432 1700 567 1753 anhelanti
575 1698 689 1758 fimilist
704 1714 786 1767 quem
799 1715 910 1768 praepes
919 1699 950 1751 ab
958 1698 997 1751 Ida

284 1821 333 1872 255
344 1794 487 1849 Sublimem
500 1794 609 1863 pedibus
624 1793 714 1862 rapuit
721 1794 805 1849 lovis
822 1795 943 1866 armiger
952 1790 1021 1848 uncil-

341 1891 471 1964 Longaevi
479 1893 579 1962 palme
589 1892 767 1963 nequicquam
776 1894 811 1943 ad
820 1892 907 1945 fidera
918 1892 1015 1945 tendum

341 1990 468 2043 Custodes
478 2007 487 2049 3
498 1988 626 2056 favitque
638 2003 733 2040 eanum
742 1987 857 2040 latratus
869 1987 901 2039 in
909 2003 991 2041 auras.

340 2090 392 2149 At,
403 2087 449 2156 qui
457 2086 551 2139 deinde
559 2088 650 2138 locum
659 2084 745 2136 tenuit
754 2085 859 2138 virtute
870 2086 1017 2142 secundum.

342 2183 457 2234 Levibus
466 2184 528 2236 huic
538 2182 623 2235 hamis
635 2182 782 2234 consertam
794 2199 920 2252 auroque
928 2182 1024 2235 trilicen

287 2292 339 2343 260
348 2277 485 2342 Loricam,
495 2294 574 2346 quam
583 2280 717 2330 Demoleo
727 2279 881 2331 detraxerat
891 2280 949 2348 ipse

342 2373 439 2426 Vidlor
447 2374 516 2442 apud
524 2373 644 2441 rapidum
654 2374 790 2426 Simoenta
803 2373 851 2427 sub
862 2376 920 2428 Ilio
929 2378 998 2437 alto.

342 2472 435 2523 Donat
443 2471 538 2523 habere
549 2471 611 2523 viro
622 2511 630 2533 ‚
643 2472 720 2523 decus
733 2472 759 2523 δι
770 2485 896 2525 tutamen
909 2474 940 2526 in
948 2469 1025 2527 armis·

343 2568 401 2620 Vix
411 2567 483 2619 illam
492 2565 583 2619 famuli
592 2567 711 2636 Phegeus
720 2567 878 2637 Sagarisque
890 2571 1006 2624 ferebant

344 2663 541 2732 Multiplicem,
556 2663 668 2716 connixi
676 2663 792 2715 humeris
806 2682 815 2723 3
827 2664 943 2720 indutus
958 2681 984 2719 at
996 2661 1043 2718 olin

289 2777 338 2840 265
349 2761 514 2823 Demoleus‚
529 2759 604 2812 cursu
615 2761 732 2827 palantes
741 2760 830 2811 Troas
839 2763 948 2830 agebar.

342 2856 432 2907 Tertia
442 2857 511 2908 dona
519 2855 580 2907 facit
590 2856 711 2924 geminos
721 2871 756 2905 ex
765 2872 818 2906 aere
828 2858 951 2924 lebetas,

344 2951 509 3023 cymbiaque
519 2965 629 3020 argento
641 2948 753 3019 perfecta
765 2962 846 3018 atque
855 2953 953 3022 aspera
963 2952 1041 3026 signis.

378 3048 489 3123 Jamque
498 3047 565 3104 adeo
574 3045 668 3103 donati
676 3061 770 3102 omnes
781 3047 958 3123 ,opibusque
969 3048 1044 3124 sapei
