2525 3934
346 431 403 513 94
503 398 925 486 Geoncrcotv

343 569 377 620 Et
386 575 508 637 campum
517 569 671 621 horrentem
682 568 770 620 fractis
781 567 914 621 invertere
925 570 1028 639 glebis.v

251 712 254 719 .
344 666 440 716 Cetera
451 664 590 732 pascuntur
598 665 699 718 virides
709 680 826 716 armenta
835 681 883 732 per
895 666 1000 720 herbas.

342 760 386 811 Tu
395 777 463 829 quos
473 763 504 813 ad
513 761 625 813 studium
635 775 713 830 atque
722 761 798 813 usum
807 761 935 814 formabis
948 762 1078 832 agrestem,

341 857 357 912 J
359 874 401 910 am
411 859 514 911 virulos
525 860 650 922 hortare,
666 859 793 926 viamque
802 856 889 908 infiste
899 859 1041 923 domandi,
1066 888 1069 894 ·

288 956 336 1024 165
347 956 421 1008 Dum
432 957 521 1008 t'aciles
531 955 613 1007 animi
624 955 753 1021 juvenum
764 995 771 1018 ‚
791 956 853 1005 dum
864 955 977 1008 mobilis
989 969 1055 1008 atas.

340 1054 379 1105 Ac
389 1052 504 1120 primum
513 1055 589 1106 laxos
601 1052 717 1104 renuide
729 1051 832 1104 vimine
841 1050 938 1103 circlos

340 1149 448 1203 Cervici
463 1148 584 1201 subnedte
600 1167 608 1199 ε
626 1148 738 1211 dehinc,
755 1148 800 1200 ubi
812 1148 894 1200 libera
910 1150 981 1200 colla

339 1248 457 1299 Servitio
470 1245 610 1308 affuerint,
628 1246 690 1312 ipsrs
702 1263 717 1298 e
727 1246 865 1314 torquibus
875 1260 955 1313 aptos

338 1343 425 1413 Junge
435 1359 511 1412 pares
524 1382 531 1406 ‚
549 1343 576 1394 δι
591 1359 657 1411 coge
669 1344 775 1410 gradum
787 1342 908 1394 conferre
917 1341 1060 1406 juvencos3

284 1448 336 1498 170
343 1441 430 1508 Atque
439 1440 493 1492 illis
504 1440 557 1505 jam
566 1439 634 1506 saepe
646 1454 712 1490 rotae
722 1441 847 1490 ducantur
857 1437 951 1491 inanes
974 1454 978 1462 ·

337 1535 510 1598 Ferreum,
527 1537 553 1586 ἃ
565 1534 670 1586 summo
681 1533 791 1602 vestigia
802 1534 915 1600 pulvere
928 1535 1036 1604 figneut.
1061 1566 1064 1571 ‚

336 1630 397 1684 Pdst
405 1633 496 1683 valido
506 1631 594 1682 nitens
606 1630 652 1682 sub
664 1632 780 1698 pondere
790 1629 894 1699 faginus
906 1631 966 1683 axis

335 1729 480 1796 Instrepat‚
500 1729 526 1781 δι
538 1727 643 1792 junctos
655 1743 728 1779 temo
738 1710 822 1780 trahat
833 1745 915 1780 aereus
927 1729 1015 1780 orbes.

335 1827 438 1878 Interea
449 1824 512 1894 pubi
521 1824 658 1876 indomita
669 1840 724 1875 non
734 1823 851 1892 gramina
860 1823 977 1886 tantum,
1061 1855 1064 1859 <

283 1936 331 1990 175
341 1923 398 1974 Nec
408 1922 499 1974 vescas
509 1921 617 1973 salicum
626 1920 733 1972 frondes
744 1958 752 1983 ‚
768 1921 912 1987 ulvamque
922 1919 1058 1988 palustrem
1068 1956 1075 1981 ,

336 2020 388 2071 Sed
399 2019 529 2071 frtmrenta
540 2033 620 2068 manu
631 2032 721 2082 carpes
731 2015 784 2066 sata
795 2034 802 2067 t
814 2031 863 2067 nec
873 2016 1004 2067 tibi-foeta

336 2116 415 2168 More
425 2130 529 2184 patrum
539 2113 618 2164 nivea
629 2112 776 2180 implebunt
787 2111 934 2164 mulddralia
946 2129 1032 2165 vaccae
1044 2130 1052 2171 ·‚

281 2214 285 2222 '
335 2212 387 2262 Sed
395 2226 452 2261 tora
463 2211 492 2261 in
504 2211 591 2261 dulces
603 2208 847 2261 consument-ubera
857 2224 944 2262 natos.

371 2306 420 2359 Sin
429 2309 461 2358 ad
469 2309 536 2359 bella
545 2307 629 2376 magis
639 2305 750 2358 studium
761 2307 930 2374 ,turmasque
941 2307 1058 2369 feroces,

280 2411 332 2462 180
340 2406 394 2456 Aut
403 2406 510 2471 Alphaea
520 2403 587 2454 rotis
599 2403 705 2470 praelab‘t
716 2403 826 2454 flumina
836 2403 916 2467 Pisa,

335 2503 368 2553 Et
376 2502 390 2555 J
393 2500 454 2552 ovis
465 2500 493 2550 in
504 2502 565 2550 luco
575 2515 664 2550 currus
679 2500 776 2568 agitate
787 2502 909 2552 volantes
920 2519 929 2560 ς

334 2597 437 2649 Primus
448 2597 510 2664 equi
522 2597 596 2647 labor
606 2594 659 2658 est,
677 2598 780 2648 animos
793 2609 870 2664 utque
880 2613 951 2649 arma
960 2597 1049 2651 videre

333 2693 482 2745 Bellantum
494 2732 502 2757 ‚
517 2692 650 2760 lituosque
662 2692 716 2759 pati
728 2732 735 2754 ,
751 2692 886 2760 tradtuque
898 2708 1047 2762 gementem

333 2793 411 2844 Ferre
423 2805 527 2851 rotam,
544 2792 571 2842 δι
583 2789 682 2842 stabulo
693 2791 789 2842 fraenos
800 2789 888 2842 audire
897 2791 1037 2844 sonantes:

239 2877 248 2962 Ἰ
278 2895 327 2961 185
337 2889 407 2941 Tum
417 2887 501 2958 magis
510 2900 589 2956 atque
598 2887 682 2956 magis
692 2887 792 2938 blandis
805 2888 915 2955 gaudere
925 2887 1038 2958 magistri

332 2983 462 3038 Laudibus
473 3022 480 3045 ,
497 2983 524 3034 ἃ
535 2982 631 3050 plausa
640 2981 757 3034 sonitum
769 2982 881 3035 cervicis
892 3001 989 3037 amare.

332 3083 419 3152 Atque
427 3081 483 3133 hac
492 3075 546 3145 jam
557 3078 646 3146 primu
656 3078 778 3146 depulsus
787 3079 818 3131 ab
827 3080 905 3132 ubere
915 3081 1006 3134 matris
