2525 3934
409 393 657 476 Lruau
711 388 806 475 III.
886 407 963 494 21'7

221 564 390 633 Relpicimus
400 583 407 617 z
418 564 473 617 dira
484 561 590 616 illuvies
602 602 610 626 ,
627 559 791 630 immiffaque
801 559 892 622 barba,

224 663 385 716 Conserrum
396 677 502 732 tegmen
510 660 593 730 spinis
604 680 612 720 3
628 675 655 711 at
670 673 756 711 cetera
769 657 884 720 Graius,

232 762 266 812 Et
279 763 409 829 quondam
419 759 513 830 patriis
525 761 559 811 ad
568 757 678 823 Troiam
689 755 778 808 millus
790 755 919 808 inarmis.
975 765 1021 819 595

224 857 303 926 Isque
313 855 357 910 ubi
368 857 521 910 Dardanios
531 855 636 907 habitus
649 853 768 906 &Troia
779 852 849 905 vidit

224 955 306 1005 Arma
320 936 414 1022 procul
428 993 436 1015 ‚
451 951 560 1020 paulum
570 949 676 1018 aspectu
687 949 845 1002 conterritus
859 948 950 1009 haefit,

226 1051 423 1117 Continuitque
432 1049 540 1118 gradum
550 1065 559 1107 ·,
569 1062 636 1099 mox
645 1047 699 1100 sese
709 1049 741 1100 ad
751 1047 842 1100 littora
853 1063 970 1115 praeceps

228 1149 302 1200 Cum
315 1145 381 1197 fletu
392 1144 561 1214 precibusque
572 1144 634 1196 tulit
647 1164 654 1196 z
665 1144 715 1198 Per
726 1145 808 1198 fidera
816 1143 914 1207 terior,

228 1245 280 1296 Per
290 1247 507 1310 Superos‚atque
516 1241 568 1294 hoc
577 1242 641 1294 coeli
653 1241 776 1310 spirabile
785 1243 890 1304 lumen,
974 1239 1028 1290 6120

229 1339 332 1393 Tollite
342 1354 403 1402 me,
419 1337 533 1400 Teucri,
546 1337 723 1405 quascumque
734 1338 853 1390 abducite
861 1351 953 1391 terras.

228 1437 292 1489 Hoc
304 1437 342 1488 sat
353 1435 413 1488 erit.
426 1434 489 1486 Scio
498 1449 541 1485 me
550 1433 651 1485 Danais
660 1450 675 1486 e
685 1431 802 1486 cladibus
811 1449 910 1498 unum,

230 1536 264 1587 Er
273 1535 344 1587 bello
356 1533 452 1585 Iliacos
463 1531 550 1584 fateor
561 1528 664 1598 petiiffe
675 1529 796 1582 Penates.

231 1632 285 1682 Pro
297 1647 351 1697 quo
363 1667 370 1691 ‚
385 1629 404 1680 ti
416 1626 520 1680 sceleris
532 1641 606 1679 tanta
614 1625 652 1680 e'st
661 1625 756 1693 injuria
767 1626 865 1693 nostri,

232 1725 355 1794 Spargite
365 1742 407 1778 me
418 1724 446 1776 in
455 1723 559 1787 lindius,
573 1724 699 1794 vastoque
709 1725 858 1798 immergite
866 1741 962 1797 ponto.
977 1729 1026 1793 605

233 1824 262 1875 Si
272 1839 353 1891 pereo
365 1860 372 1884 ‚
388 1821 507 1874 manibus
516 1820 655 1877 hominum
666 1820 770 1892 periiffe
781 1796 906 1888 juvabit.⁸

217 1914 220 1920 ’
233 1920 364 1974 Dixerat:
377 1919 403 1971 δι
414 1936 499 1989 genua
510 1920 666 1987 amplexus,
678 1910 840 1989 'genibusque
848 1924 975 1974 volutans

235 2018 365 2070 Haertbat.
378 2015 433 2082 Qui
444 2016 475 2067 fit
485 2054 496 2076 ,,
511 2015 579 2077 fari,
593 2031 648 2081 quo
660 2013 904 2082 sanguineorum,

237 2115 382 2165 Hortamur
393 2131 402 2172 3
418 2130 477 2180 quae
489 2111 585 2163 deinde
593 2108 675 2178 agitet
686 2110 813 2175 fortuna,
829 2111 913 2167 fateri.

236 2210 295 2279 lpse
307 2223 381 2277 pater
393 2204 659 2269 dextramAnchises,
668 2205 738 2259 haud
749 2209 830 2261 multa
838 2223 965 2274 moratus,
980 2217 1032 2270 610

237 2311 293 2360 Dat
302 2303 410 2372 juveni,
421 2318 498 2371 atque
505 2299 623 2353 animum
631 2302 753 2370 presenti
758 2303 871 2375 pignore
879 2305 976 2362 firmat.

235 2407 285 2458 Ille
296 2404 362 2465 haec,
372 2398 489 2469 depolitai
498 2398 603 2451 tandem
613 2398 774 2463 formidine,
785 2401 868 2454 fatur:

187 2480 194 2491 ,
234 2506 300 2558 Sum
312 2499 395 2570 patria
404 2516 439 2551 ex
451 2498 537 2550 Ithaca
549 2535 556 2560 ‚
573 2512 663 2550 comes
675 2495 789 2550 infelicis
800 2496 922 2568 Ulyffei3

234 2603 344 2653 Nomen
354 2595 544 2648 Achemenides
554 2610 563 2652 ;
573 2592 683 2660 Troiam
695 2593 818 2664 genitore
827 2597 967 2651 Adamasto

235 2699 355 2763 Paupere
363 2695 373 2760 (
380 2691 665 2759 manfiffetqueutinarn
675 2692 781 2745 fortuna
790 2697 796 2745 !
805 2693 967 2762 )profe&us.
980 2706 1011 2758 61
1021 2720 1030 2769 5

238 2795 344 2847 Hieme
355 2827 363 2850 ‚
378 2789 440 2840 dum
451 2787 547 2854 trepidi
556 2788 668 2840 crudelia
677 2789 771 2842 limina
779 2789 922 2863 linquunt,

236 2895 413 2946 Immemores
424 2882 489 2936 sotii
498 2882 574 2935 vasto
585 2884 713 2954 Cyclopis
723 2885 751 2939 in
763 2902 841 2942 antro

237 2971 395 3042 Deseruere.
408 2984 515 3035 Domus
526 2979 597 3034 sanie
608 2983 767 3055 dapibusque
777 2985 893 3041 cruentis

238 3089 313 3173 lutus
323 3099 423 3152 opaca,
439 3081 532 3154 ingens
545 3100 551 3135 :
564 3081 620 3152 ipse
630 3085 745 3148 arduus,
761 3085 865 3153 altaque
875 3081 961 3149 pulsat

275 3177 283 3198 '
314 3182 398 3232 Tomos
414 3179 435 3230 l.
862 3177 890 3229 K
