2525 3934
289 384 1088 476 'ssfflmussfflmsswnn'

364 589 1012 676 ARGUMENTUM

414 776 623 848 uteru
673 776 968 866 QU1NT1.

316 905 488 1012 AEereas
503 989 513 1016 ,
534 947 548 1005 e
569 945 658 1025 libya
669 947 700 1005 t‘rt
709 944 825 1005 ltaliam
839 948 989 1028 navigaris,
1004 949 1052 1006 de·‘

311 1029 418 1105 flellere
438 1029 466 1085 irt
491 1027 616 1086 Siciliam
634 1029 664 1085 ui
683 1029 850 1107 tempestatis
872 1031 992 1109 cogitur,
1009 1028 1051 1086 ubt'

317 1107 353 1163 ab
376 1109 469 1186 Aceste
493 1105 610 1184 Trojano
633 1107 760 1166 benevole·
779 1127 911 1188 exceptus
931 1130 944 1178 ,·
968 1109 1051 1188 patri,

316 1208 392 1264 quem
407 1190 467 1247 illic
484 1190 620 1267 superiore
641 1209 713 1245 aureo
735 1209 807 1245 mors
828 1191 973 1264 abstulerat
988 1235 996 1255 ,
1009 1211 1051 1247 au·

316 1268 493 1343 uiuerfart'um
505 1269 621 1326 celebrat
632 1266 742 1346 flatrum
756 1312 766 1337 ,
785 1270 919 1348 ludosque
932 1289 1051 1348 quotuor,

317 1349 419 1426 cursum
447 1350 574 1408 naualem
594 1393 604 1418 ,
628 1369 661 1406 ac
680 1350 850 1427 pedestrem,
874 1353 987 1430 refluum
1004 1372 1050 1429 pu·

313 1448 394 1505 guam
408 1474 419 1499 ,
435 1431 594 1510 sagittarum
609 1425 820 1507 ejaculatiorterte
838 1473 849 1499 ,
868 1432 969 1507 quibus
985 1432 1051 1488 addit

315 1512 459 1584 Ascanius
477 1513 613 1590 equeslreru
633 1509 783 1587 decutiunt.
803 1509 916 1568 lretert‘rrt
940 1509 1051 1589 Trojano

314 1591 462 1660 mulieres,
481 1591 598 1652 lurtortis
609 1590 745 1669 impulsu,
765 1589 877 1649 bortatu
894 1592 1000 1671 leidis,
1012 1609 1051 1649 ta·

315 1669 363 1749 dio
386 1671 605 1749 nauigationis,
630 1670 778 1729 intrudunt
802 1692 891 1730 naues
917 1695 928 1732 .·
951 1690 1049 1751 quorum

315 1754 620 1828 quatuorttturttrttur3
636 1768 727 1810 cetera
742 1750 865 1827 immiſsa*
883 1774 904 1809 a
921 1752 1051 1830 Joueplu·

316 1830 366 1888 uici
386 1829 539 1909 servaretur.
565 1834 660 1909 Quare
678 1830 778 1907 fitadet
800 1835 908 1893 AErreae
930 1836 1050 1902 Nautes,

316 1927 367 1981 ut,
383 1916 473 1970 avello
483 1909 576 1989 secum
587 1902 721 1991 juvenum
734 1913 806 1990 flore
822 1955 833 1984 ‚
842 1911 935 1990 senes.
947 1933 977 1971 ac
997 1932 1050 1969 mu·

316 1992 397 2049 lieres
411 1994 442 2050 in
460 1992 561 2067 sieilia
580 1992 724 2071 relinquat.
744 1988 851 2050 Ft'rrua't
872 1994 908 2051 id
922 1993 1050 2074 confilium

316 2073 454 2148 Anchises
475 2075 504 2131 t'tt
528 2071 630 2152 firmuis
652 2073 799 2148 :idemque
815 2076 921 2150 suadet
936 2079 1050 2143 AErea,

315 2168 347 2208 ut
365 2154 498 2231 appulsus
512 2155 542 2212 irt
558 2154 668 2211 ltaliam
685 2154 767 2210 adeat
786 2153 959 2232 Sibyllam
977 2157 1050 2233 abque

251 2285 265 2310 s
318 2232 386 2287 duce
404 2233 549 2310 descendat
571 2237 611 2291 ad
628 2236 753 2310 inferos,
771 2233 818 2291 ubi
831 2237 995 2314 posterorum
1009 2234 1051 2313 sa·

314 2313 378 2368 riam
398 2312 426 2370 fe
440 2333 550 2372 euentus
565 2314 712 2374 docebitur.
734 2314 821 2372 Paret
838 2318 956 2375 AErteas
970 2314 1051 2397 patris

314 2393 452 2464 monitis,
482 2396 509 2453 δ’
536 2394 647 2455 condat
669 2395 699 2452 irt
720 2394 823 2453 Sicilia
842 2397 910 2454 urbe
935 2394 1050 2478 Acesti,

312 2475 445 2551 Neptuno
457 2495 506 2552 per
522 2481 646 2535 Vertererrt
661 2474 831 2544 conciliato,
847 2474 937 2551 fitluit
947 2481 979 2538 ire
1001 2482 1049 2537 lu-

315 2553 382 2612 lium
401 2575 479 2632 :quo
499 2557 528 2613 ire
548 2556 625 2634 curfia
645 2556 796 2623 Palinurus
813 2558 900 2615 nauis
919 2560 1048 2639 guberne·

314 2651 357 2693 tor
374 2636 508 2693 dormiens
525 2637 554 2694 itt
575 2657 648 2694 mare
670 2637 817 2699 excutitur.
835 2637 1010 2700 Deliueatus
1023 2639 1049 2717 est

311 2715 355 2771 hie
373 2717 489 2773 liberad
507 2717 656 2796 exemplum
668 2717 731 2775 libri
748 2716 837 2777 Iliad.
855 2738 911 2792 23,
933 2722 983 2781 ubi
998 2717 1047 2779 lati

312 2794 348 2851 ab
368 2797 482 2856 Achille
501 2800 540 2856 ad
554 2799 685 2857 tumulum
703 2798 832 2859 Patrocli
850 2800 1030 2864 celebraretur.

601 2970 759 3082 W
