2525 3934
325 426 403 521 164
518 404 858 501 AEtvurvoo

319 581 389 649 Ergo
400 579 489 634 omnis
501 584 585 652 longo
595 582 678 636 solvit
686 583 713 636 se
722 581 838 637 Teucria
848 579 941 636 lustu:

319 678 471 731 Panduntur
482 695 566 748 portae
578 700 584 733 :
597 681 673 748 juvat
684 681 740 745 ire,
754 682 781 734 δε
792 680 898 733 Dorica
907 677 1001 743 castra,

320 775 499 845 Desertosque
510 778 603 832 videre
614 780 691 832 locos
702 818 710 842 ‚
721 778 850 847 littusque
860 777 994 832 relidam,

320 872 372 924 Hic
383 873 524 942 Dolopum
536 892 629 928 manus
642 914 651 939 ,
661 876 706 927 hic
714 875 799 928 saevus
805 875 934 927 tendebat
939 873 1056 927 Achilles:

267 978 301 1030 30
322 968 445 1022 Claffibus
458 971 502 1023 hic
511 973 588 1024 locus
598 991 605 1024 ε
617 973 661 1025 hic
673 972 741 1025 acies
754 986 857 1025 certare
867 973 994 1025 solebant.

322 1065 383 1119 Pars
393 1065 477 1135 stupet
487 1067 606 1137 innupta
615 1069 716 1121 donum
724 1068 836 1120 exitiale
845 1069 978 1122 Minervae
986 1092 1002 1131 ,¹

322 1165 355 1215 Et
364 1165 465 1217 molem
475 1164 604 1217 mirantur
614 1163 677 1232 equi
689 1182 696 1216 :
709 1163 863 1232 primusque
873 1165 1027 1234 Thymoetes

324 1259 394 1312 Duci
407 1260 475 1312 intra
486 1276 577 1311 muros
588 1261 727 1321 hortatur,
745 1259 771 1310 ἃ
782 1275 842 1312 arce
853 1260 956 1321 locari3

325 1356 389 1412 Sive
401 1358 480 1420 dolo,
492 1357 539 1410 seu
550 1355 603 1422 jam
614 1354 702 1421 Trojae
713 1355 747 1407 fic
757 1354 811 1408 fata
822 1354 952 1410 ferebant.

271 1463 302 1518 35
324 1457 359 1507 At
372 1458 462 1525 Capys
473 1492 482 1518 ‚
500 1453 527 1506 δι
540 1466 654 1521 quorum
664 1452 760 1505 melior
770 1451 906 1505 sententia
917 1451 1013 1516 menti,

325 1553 483 1622 Autpelago
492 1548 614 1603 Danaum
625 1546 730 1600 infidias
740 1547 911 1618 suspectaque
923 1552 992 1603 dona

297 1656 299 1661 '
326 1646 493 1713 Praecipitare
502 1645 593 1712 jubent
603 1684 611 1708 ,
623 1642 797 1713 subieciisque
805 1662 885 1698 urere
897 1645 1026 1707 flammis3

326 1748 380 1796 Aut
390 1744 520 1795 terebrare
530 1757 608 1794 cavas
616 1742 704 1806 uteri,
716 1743 743 1794 δι
752 1757 854 1795 tentare
863 1745 986 1798 latebras.

284 1885 286 1889 .
364 1839 497 1892 Scinditur
508 1838 639 1892 incertum
647 1838 730 1891 studia
739 1839 911 1893 incontraria
919 1844 1024 1911 vulgus.

272 1952 309 2003 4ο
327 1936 430 1991 Primus
443 1936 480 1991 ibi
494 1951 555 1990 ante
567 1954 677 2002 omnes,
687 1922 783 2007 mag'nd
793 1937 941 1992 comitante
951 1934 1061 1998 catervi,

328 2036 460 2088 Laocoon
468 2036 560 2088 ardens
573 2033 675 2088 summi
688 2034 801 2087 decurrit
810 2035 842 2086 ab
853 2051 922 2088 arce.

328 2132 361 2182 Et
370 2134 481 2199 procul:
495 2131 521 2184 O
534 2131 622 2185 miseri
635 2148 711 2200 ‚quae
723 2145 794 2183 tanta
803 2130 924 2196 insania,
941 2129 1014 2184 cives
1025 2130 1035 2183 ἓ

330 2227 445 2280 Creditis
458 2227 567 2281 avecios
578 2227 687 2281 hostes?
706 2241 750 2279 aut
761 2229 815 2279 uua
829 2226 930 2294 putatis

329 2327 411 2377 Dona
423 2341 511 2377 carere
522 2324 591 2377 dolis
603 2324 742 2376 Danaum?
755 2323 790 2375 fic
801 2339 882 2377 notus
897 2323 1022 2395 ijffes?

274 2439 306 2491 45
328 2425 382 2475 Aut
392 2424 444 2474 hoc
457 2420 548 2473 inclufi
557 2421 632 2490 ligno
643 2423 808 2473 occultantur
817 2421 915 2474 Achivi
926 2441 935 2482 ;

330 2521 383 2571 Aut
392 2520 448 2571 haec
459 2519 488 2570 in
499 2516 603 2570 nostros
614 2517 738 2570 fabricata
746 2517 783 2570 est
792 2517 913 2570 machina
922 2536 1030 2584 muros,

330 2616 481 2686 Inspectum
489 2617 585 2668 domos
595 2655 603 2678 ‚
615 2602 780 2686 venturaque
790 2615 900 2683 desuper
911 2617 971 2669 urbi
981 2636 990 2676 3

330 2714 384 2766 Aut
396 2713 492 2782 aliquis
502 2714 568 2764 latet
578 2728 653 2764 error
663 2731 670 2765 ι
681 2729 752 2780 equo
764 2729 798 2764 ne
809 2712 922 2775 credite,
933 2714 1039 2766 Teucri.

332 2809 467 2878 Quicquid
478 2809 506 2861 id
518 2807 554 2860 est
566 2847 574 2871 ‚
590 2807 674 2861 timeo
686 2809 795 2860 Danaos
806 2808 833 2860 &
844 2809 913 2860 dona
922 2808 1047 2862 ferentes.

281 2927 314 2979 50
332 2906 375 2958 Sic
383 2905 471 2967 satus,
486 2904 583 2956 validis
596 2903 732 2973 ingentem
741 2903 842 2956 viribus
851 2902 951 2956 hastam

333 3006 444 3056 Inlotus
457 3042 464 3066 ‚
476 3001 558 3069 inque
567 3001 616 3053 feri
628 3017 737 3054 curvam
748 3000 919 3069 compagibus
932 3003 1025 3054 alvum

276 3158 278 3165 ,
336 3101 471 3157 contorsit
483 3119 495 3154 ε.
505 3096 576 3153 stetit
586 3097 630 3152 illa
640 3111 771 3163 tremens,
783 3112 912 3168 uteroque
924 3097 1044 3164 recuffo,

215 3336 292 3464 ἱ
