2525 3934
402 363 793 454 Puram.
905 341 979 479 ‘vij

228 525 331 628 instar
351 531 517 617 omnium,
536 534 596 624 qui
609 559 722 623 pamm
741 530 890 632 vetustate
905 534 983 601 nul·

233 644 301 714 lum
312 674 372 738 per
381 653 547 744 Europam
567 655 746 745 universam
759 679 846 723 nunc
861 654 981 737 habet,

236 765 424 860 Codicem,
448 773 606 869 inquam,
627 775 802 845 Florentiae
819 774 853 844 in
873 771 981 845 Medi·

233 892 748 968 ceo-Laurentianassibliotheca
757 893 978 983 adservatum,

232 1012 288 1104 qui
301 1030 389 1082 totus
405 1013 565 1086 Romanis
577 1016 691 1087 litteris
701 1014 748 1087 est
760 1016 918 1110 scriptus,
941 1012 979 1084 &

232 1123 426 1202 emendatus
443 1133 502 1207 fisit
521 1155 618 1231 atque
641 1134 808 1206 distinaus
821 1161 841 1204 a
853 1134 978 1205 Turcio

232 1250 336 1319 Rufio
350 1250 477 1322 Asterio
497 1255 692 1348 Aproniano
706 1309 719 1342 ,
735 1257 810 1325 viro
833 1252 980 1324 doffiffi-

233 1390 292 1440 mo
316 1372 411 1466 aequ&
431 1397 470 1442 ac
491 1370 722 1463 nobiliffimo,
745 1374 802 1470 qui
819 1372 885 1443 uni
902 1398 979 1443 cum

231 1490 387 1563 Praefidio
418 1493 634 1565 Consulatum
663 1493 756 1591 geffit
777 1520 829 1567 an.
858 1492 979 1565 Christi

234 1627 456 1683 ccccxclv.
729 1644 734 1657 ¹

282 1734 374 1803 Ecce
397 1751 505 1806 autem
529 1733 651 1809 Codex
675 1734 731 1805 ille
754 1758 869 1805 aureus
887 1732 981 1828 cujus

232 1851 436 1950 potiffimfim
457 1842 523 1951 oph
548 1859 773 1927 VERGILH
797 1854 981 1926 editionem

231 1975 323 2046 fuam
343 1973 514 2048 adornavit
525 1977 699 2066 Heinfius‚
721 1974 870 2047 &talem
881 1975 981 2064 fecit,

231 2116 270 2167 ut
283 2096 358 2192 post
371 2082 460 2166 illam
477 2122 577 2168 nemo
591 2098 671 2168 alius
682 2098 734 2168 vir
751 2095 869 2167 ἀοᾶυε
883 2093 982 2165 ador-

233 2242 317 2288 nare
341 2242 462 2287 novam
486 2218 690 2306 tentaverit,
722 2215 746 2287 s1
776 2217 981 2288 pancratium

239 2337 435 2411 Masvicium
455 2338 601 2433 excipias'
625 2335 697 2436 (a)
722 2338 777 2432 qui
804 2355 915 2407 tamen
939 2336 986 2408 est

232 2458 331 2530 fassus
344 2460 384 2530 ab
397 2484 436 2530 ea
447 2451 648 2554 se'nusquam
659 2455 818 2531 receffiffe
832 2511 843 2545 ‚
856 2455 915 2527 nifi
928 2458 983 2528 ali·

235 2599 323 2678 quot
337 2566 375 2652 in¹
388 2583 472 2653 locis
488 2634 499 2671 ‚
520 2606 592 2677 quae
605 2580 756 2652 Heinfius
769 2632 781 2669 ,
792 2602 863 2648 non
876 2574 984 2650 Medi·

243 2730 249 2737 ·
277 2775 332 2844 (a)
352 2777 478 2843 Vergilius
495 2811 503 2838 ‚
519 2796 590 2846 quem
606 2777 745 2835 pancratius
759 2774 891 2828 Masvicius
910 2772 988 2840 Gym-

236 2850 296 2903 nafii
324 2849 440 2916 Hagenfis
463 2851 608 2902 Moder'ator
635 2849 757 2903 recensuit
778 2884 786 2910 ,
814 2848 893 2899 editus
919 2847 952 2896 est
974 2864 988 2896 a

237 2922 369 2976 francisco
387 2923 474 2972 Halma
486 2924 642 2987 [murdim
654 2943 693 2979 an.
709 2938 784 2991 1717.
796 2919 909 2980 Venetiis
918 2935 989 2972 tecu-

238 3000 280 3050 [υς
298 2994 400 3055 est‚an.
417 2996 496 3063 1736.
