2525 3934
425 339 675 485 Zzaan
723 399 797 483 Il.
891 430 964 510 175

225 570 287 625 Vix
296 586 326 624 ea
334 569 402 623 fanus
413 585 482 623 eram
493 609 501 634 ,
513 568 614 639 gemitu
624 569 684 621 cium
696 567 759 620 talia
769 565 870 620 reddit:

226 670 315 721 Venit
324 669 422 720 summa
430 667 485 721 dies
496 668 523 720 δι
533 665 699 720 ἱῃεΙυᾶὼίΙε
709 681 814 734 tempus

229 765 387 818 Dardaniae:
399 765 497 818 fuimus
508 763 595 816 Troes
607 781 614 813 ε
625 760 675 814 fuit
685 762 780 825 Ilium,
794 761 821 813 δι
832 759 925 830 ingens
977 766 1027 819 325

230 860 324 914 Gloria
335 863 499 919 Teucrorum
511 879 518 912 ι
531 861 602 913 letus
612 857 705 910 omnia
715 857 819 926 Jupiter
826 858 913 927 Argos

230 959 370 1012 Transtulit
382 978 389 1012 t
403 957 513 1011 incensa
524 953 823 1026 Danaidominamurin
831 954 904 1010 urbe.

229 1057 330 1110 Arduus
341 1070 458 1109 armatos
471 1051 565 1105 mediis
576 1052 606 1104 in
616 1051 749 1106 moenibus
760 1050 859 1104 adstans

229 1154 326 1205 Fundit
336 1169 420 1220 equus
434 1191 442 1215 ,
456 1150 595 1220 viliorque
607 1150 694 1202 Sinon
706 1149 827 1204 incendia
838 1147 931 1200 miscet

229 1250 361 1301 Insultans
374 1269 381 1302 :
394 1248 478 1317 portis
488 1249 534 1301 alii
543 1247 722 1317 bipatentibus
733 1246 843 1310 adsunt,
978 1253 1031 1307 330

230 1347 319 1398 Millia
331 1360 399 1414 quot
409 1345 512 1414 magnis
524 1360 669 1414 numquam
679 1358 780 1396 venere
791 1339 928 1412 Mycenis.

231 1442 365 1496 Obsedere
376 1443 423 1495 alii
433 1445 493 1499 telis
506 1441 611 1512 angusta
621 1441 729 1495 viarum

232 1539 357 1608 Oppoliti
368 1559 375 1593 t
385 1539 433 1591 stat
442 1539 505 1591 ferri
517 1538 587 1590 acies
597 1553 725 1590 mucrone
737 1533 849 1588 corusco

230 1636 327 1688 Strida
337 1674 345 1699 ,
356 1649 446 1703 parata
455 1635 514 1687 neci
526 1653 533 1686 t
548 1635 598 1686 vix
608 1635 689 1702 primi
698 1633 795 1702 proelia
804 1643 906 1685 tentant

230 1733 372 1784 Portarum
382 1729 495 1798 vigiles,
507 1730 614 1783 &ceco
625 1730 713 1782 Marte
724 1728 851 1784 resistunt.
979 1745 1027 1801 335

231 1827 340 1880 Talibus
353 1826 472 1880 Otriadae
480 1826 575 1893 ditiis,
589 1828 616 1880 δι
626 1827 735 1881 numine
745 1827 849 1881 Divum

229 1926 262 1976 In
273 1923 391 1978 flammas
403 1925 431 1977 &
441 1925 471 1977 in
479 1926 634 1979 arma'feror
646 1965 655 1989 ,
673 1922 727 1994 qud
738 1923 819 1977 tristis
830 1921 965 1990 Erinnys,

231 2020 295 2088 Qud
305 2022 426 2075 fremitus
437 2037 536 2086 vocat,
554 2024 581 2075 δι
592 2023 708 2075 sublatus
719 2023 752 2075 ad
760 2020 857 2074 athera
867 2018 977 2072 clamor.

231 2119 339 2170 Addunt
348 2118 374 2169 se
386 2117 473 2171 socios
482 2118 601 2186 Ripbeus
614 2117 642 2170 δι
653 2116 787 2168 maximus
798 2113 873 2169 annis

233 2213 442 2281 Iphitustoblati
448 2228 495 2281 per
501 2216 591 2264 lunam
597 2211 787 2282 Hypanisque,
796 2211 965 2283 Dymasque,
980 2232 1032 2285 340

231 2313 267 2364 Et
276 2307 354 2361 lateri
362 2310 543 2380 agglomerant
552 2308 657 2375 nostro,
664 2309 820 2381 juvenisque
827 2309 977 2364 ehoroebus

229 2405 413 2476 Mygdonides
426 2426 433 2459 ε
445 2406 500 2459 illis
510 2406 556 2476 qui
565 2409 597 2461 ad
605 2407 714 2474 Troiam
725 2405 795 2479 lort'e
804 2407 896 2460 diebus

229 2504 368 2568 Venerat,
379 2502 473 2556 insano
484 2502 628 2558 Cafl'andrae
638 2503 759 2557 incensus
771 2519 877 2564 amore,

229 2601 264 2653 Et
275 2616 355 2669 gener
363 2600 493 2655 auxilium
503 2599 608 2655 Priamo
618 2601 817 2673 Phrygibusque
827 2601 941 2657 ferebat:

227 2694 348 2760 Infelix,
359 2697 405 2765 qui
416 2713 473 2751 non
484 2697 585 2766 sponsa
596 2714 728 2768 praecepta
737 2697 850 2752 liuentis
979 2719 1026 2776 345

230 2792 365 2848 Audierit.

268 2891 346 2957 Quos
355 2887 401 2941 ubi
412 2888 547 2941 consertos
559 2889 653 2941 audere
663 2888 692 2942 in
700 2889 797 2960 proelia
808 2889 884 2957 vidi,

230 2985 336 3054 Incipio
348 2985 425 3053 super
440 2984 499 3038 his:
512 2985 644 3052 Iuvenes,
656 2987 792 3042 lortiffina
803 2986 895 3040 frustra

231 3084 341 3141 Pedem
353 3101 361 3138 t
376 3083 396 3139 li
407 3081 486 3137 vobis
498 3084 637 3146 audentem
645 3098 765 3141 extrema
776 3082 873 3162 cupido
884 3082 921 3137 est

790 3178 817 3232 fl
837 3176 866 3231 iv
