2525 3934
346 436 424 491 120
520 404 942 493 Glorior-core

339 571 452 624 Defruta
464 612 472 637 ‚
486 574 532 624 vel
541 572 647 645 psychia
657 571 744 643 passos
754 574 786 627 de
797 573 854 626 vire
865 588 986 627 racemos
997 579 1009 637 ‚'

283 669 336 719 270
345 669 556 739 Cecropiumque
563 670 817 740 thymum,&gravc
823 668 926 723 olentia
932 671 1078 725 centaureri

337 762 380 814 Est
391 765 472 818 etiam
487 765 538 818 flos
550 766 579 818 in
590 766 672 836 pratis
683 807 690 831 ‚
702 766 746 820 cui
754 782 855 820 nomen
866 768 967 821 amello

337 861 432 914 Fecere
444 863 566 934 agricola
578 905 587 928 ,
599 864 684 918 facilis
696 862 873 934 querentibus
881 862 974 917 herba.

337 959 460 1028 Namque
470 976 526 1015 uno
540 961 675 1032 ingentem
686 960 759 1014 tollit
770 961 801 1013 de
810 958 910 1028 cespite
921 959 1046 1029 sylvam:

337 1059 439 1112 Aureus
449 1059 503 1128 ipse
514 1078 522 1119 ·‚
539 1059 622 1112 sedin
634 1059 707 1113 foliis
717 1076 774 1129 quae
786 1057 901 1127 plurima
910 1056 1013 1111 circum

283 1155 333 1207 275
343 1155 515 1219 Funduntur‚
530 1155 613 1208 violae
626 1155 743 1208 sublucet
753 1172 869 1224 purpura
880 1153 977 1224 nigra.

336 1252 412 1319 Saepe
427 1252 516 1303 Deum
528 1251 604 1303 nexis
617 1265 716 1302 ornatae
728 1250 866 1319 torquibus
882 1266 946 1305 arae.

336 1348 420 1416 Asper
432 1347 460 1399 in
475 1364 521 1399 ore
534 1346 612 1415 sapor
625 1365 632 1398 ε
649 1346 730 1399 tonsis
740 1347 768 1399 in
779 1345 894 1400 vallibus
906 1347 985 1401 illurn

336 1442 455 1498 Pastores
468 1486 475 1509 ,
489 1446 515 1497 δι
527 1461 608 1497 curva
619 1447 711 1515 legunt
722 1461 806 1514 prope
818 1444 932 1499 flumina
940 1444 1040 1500 Melle.

337 1542 423 1606 Hujus
437 1545 549 1595 odorato
559 1542 658 1595 radices
671 1542 785 1610 incoque
794 1541 917 1606 Baccho,
990 1596 994 1602 ,
1014 1523 1016 1528 ,

281 1632 489 1707 280Pabu1aque
505 1638 533 1689 in
548 1637 651 1691 foribus
666 1638 752 1706 plenis
769 1643 874 1707 appone
890 1637 1020 1694 canistris.

373 1738 424 1788 Sed
435 1735 454 1786 fi
466 1751 544 1804 quern
554 1737 644 1803 proles
653 1733 740 1787 subiti>
751 1733 875 1787 defecerit
886 1734 998 1799 omnis,

335 1834 410 1898 Nec,
423 1850 505 1904 genus
516 1833 585 1884 unde
594 1848 675 1884 novae
686 1830 773 1901 stirpis
785 1845 945 1896 revocetur,
960 1827 1074 1889 habehim

334 1934 453 2001 Tempus
467 1931 493 1984 δι
509 1927 614 1983 Arcadii
625 1920 797 1982 memorarida
811 1926 924 1980 iuvenca
938 1926 1053 1998 magistri

335 2030 451 2083 Pandere
463 2069 469 2094 ‚
483 2043 590 2098 quoque
602 2026 685 2078 modo
697 2024 766 2077 cresis
778 2022 831 2089 iam
843 2024 912 2091 saepe
923 2023 1044 2090 iuvencis

280 2125 483 2189 285Ins1ncerus
494 2142 556 2194 apes
566 2123 657 2176 tulerit
668 2139 745 2175 cruor
755 2141 762 2174 r
774 2121 851 2174 altius
862 2137 974 2174 omnem

335 2224 498 2293 Expediam,
515 2222 601 2290 prima
616 2235 738 2288 repetens
752 2219 783 2272 ab
795 2219 919 2289 origine,
935 2221 1042 2275 samam.

322 2306 403 2374 'Nam
418 2320 469 2391 qui
485 2317 573 2372 Pellaei
587 2335 652 2388 gens
667 2318 800 2370 fortunata
817 2317 923 2386 Canopi

333 2419 438 2471 Accolit
456 2417 539 2470 effuso
551 2414 713 2485 stagnantem
724 2414 833 2467 flumine
843 2415 936 2469 Nilum
948 2458 957 2482 ,

334 2519 367 2569 Et
378 2516 477 2569 circum
486 2513 564 2583 piuis
573 2512 681 2565 vehitur
693 2513 739 2565 sua
750 2530 810 2565 rura
819 2512 932 2581 phaselis
943 2530 953 2574 ς

278 2627 331 2678 290
338 2610 451 2682 Quique
460 2613 614 2680 pharetratae
624 2608 726 2661 vicinia
737 2608 846 2661 Persidis
856 2625 933 2679 urget
943 2649 951 2674 ‚

333 2712 365 2763 Et
374 2710 488 2763 viridem
498 2707 645 2777 AEgypcum
655 2704 730 2776 nigri
740 2706 861 2758 fecundat
873 2704 951 2758 arend
962 2745 972 2772 ,

331 2809 365 2860 Et
377 2806 479 2859 diversa
495 2821 573 2856 ruens
588 2800 696 2874 septem}
705 2802 825 2855 discurrit
836 2802 864 2854 in
877 2817 925 2855 ora

333 2908 423 2975 Usque
439 2902 564 2955 coloratis
580 2900 666 2954 amnis
680 2904 797 2956 devexus
810 2900 945 2954 abradis:

334 3000 432 3056 Omnis
442 3000 471 3050 in
478 3000 527 3051 hac
536 3012 634 3051 certam
644 2999 718 3069 regio
726 2998 788 3064 iacit
800 3012 855 3066 erte
865 2996 987 3050 salutem.

280 3112 329 3166 295
369 3097 486 3168 Exiguus
496 3094 631 3164 primum,
648 3094 805 3166 acqueipsos
815 3094 967 3150 conmuni
976 3091 1075 3146 adusus·

967 3189 1072 3261 Eligitur
