2525 3934
393 410 666 495 [ΜΗ
718 409 819 493 ΙΙΙ.
920 439 969 518 93

228 572 389 640 Surgentem
401 575 432 625 ad
443 576 589 643 zephyrum
607 578 688 643 paleae
703 573 830 641 jactantur
846 574 945 626 inanes.

229 668 292 720 Hoc
301 667 515 733 faciunt,nimi0
525 687 559 723 ne
570 673 637 722 luxu
646 671 763 723 obtusior
772 670 833 722 usus
980 671 1028 724 135

229 764 271 815 Sit
281 765 391 834 genitali
400 782 485 829 arvo,
502 768 529 818 dr
540 765 626 818 sulcos
640 765 750 818 oblimet
760 765 877 826 inertes·,

230 859 282 911 Sed
291 859 376 928 rapiat
388 860 477 914 sitiens
487 862 641 925 Venerem,
654 861 813 931 interiusque
823 861 957 914 recondat.

267 957 368 1009 Rursus
378 974 439 1009 cura
450 972 555 1025 patrum
564 959 670 1022 cadere,
682 957 851 1011 &succedere
863 970 976 1009 matrum

231 1052 348 1119 Incipit,
360 1053 460 1105 exadiis
471 1053 585 1122 gravidae
596 1054 657 1105 cum
666 1055 795 1106 mensibus
806 1068 901 1107 errant.

232 1149 296 1200 Non
305 1147 365 1200 illas
375 1148 499 1217 gravibus
510 1149 647 1218 quisquam
656 1149 717 1218 juga
725 1151 819 1202 ducere
831 1148 949 1218 plaustris
960 1186 968 1212 ,
982 1155 1033 1202 Ι4Ο

232 1245 298 1296 Non
309 1245 375 1296 saltu
386 1244 507 1312 superare
516 1246 589 1297 viam
600 1245 631 1296 sit
643 1243 728 1312 passus
740 1283 749 1308 ,
767 1246 792 1297 δι
804 1245 858 1299 acti

234 1343 350 1408 Carpere
360 1355 434 1408 prata
442 1339 503 1408 fugi
514 1378 522 1404 ,
537 1339 688 1407 fluviosque
697 1339 788 1392 innare
799 1357 913 1408 rapaces.

234 1436 348 1488 Saltibus
358 1435 387 1487 in
398 1434 489 1488 vacuis
501 1435 624 1503 pascant,
641 1435 755 1502 &plena
767 1435 907 1488 secundum

234 1532 355 1584 Flumina
366 1549 375 1592 3
388 1531 491 1583 muscus
502 1530 547 1582 ubi
559 1570 566 1594 ,
584 1529 772 1583 &viridiffima
781 1532 898 1600 gramine
907 1532 977 1602 ripa,

235 1629 426 1697 speluncaque
434 1642 542 1698 tegant,
557 1629 669 1681 &saxea
678 1629 805 1697 procubet
814 1631 916 1684 umbra.
983 1639 1029 1690 145

271 1722 398 1776 Estlucos
407 1723 484 1776 Silari
494 1719 580 1787 circei,
596 1723 750 1793 ilicibusque
764 1725 897 1779 virentem
966 1751 969 1755 ·

234 1817 368 1873 Plurimus
378 1820 525 1872 Alburnum
536 1819 653 1871 volitans
664 1858 672 1883 ‚
691 1820 733 1872 cui
749 1837 850 1874 nomen
860 1821 924 1873 afilo

235 1918 387 1969 Romanum
398 1915 452 1980 est,
471 1916 571 1968 oestron
587 1915 665 1968 Graii
677 1917 782 1971 vertbre
790 1933 937 1971 vocantes:

235 2015 336 2082 Asper,
351 2014 442 2066 acerba
453 2013 550 2065 sonans
563 2051 571 2076 ‚
588 2029 644 2081 quo
655 2027 712 2065 tota
720 2013 845 2066 exterrita
853 2013 938 2082 sylvis

235 2108 389 2178 Diffugiunt
400 2107 539 2173 armenta,
555 2110 620 2162 furit
635 2109 777 2179 mugitibus
793 2110 874 2162 aether
985 2123 1036 2174 150

235 2203 385 2259 eoncuffus
397 2243 406 2268 ‚
419 2207 556 2276 sylvaeque
566 2245 576 2270 ‚
588 2208 615 2258 δι
625 2206 686 2259 ficei
695 2206 752 2275 ripa
764 2205 886 2277 Tanagri.

234 2303 299 2355 Hoc
311 2302 446 2370 quondam
457 2303 573 2356 monstro
585 2303 726 2358 horribiles
737 2304 855 2357 exercuit
866 2303 918 2358 iras
944 2338 948 2343 ³
972 2348 974 2352 .

233 2399 349 2452 Inachiae
364 2399 436 2452 luno
452 2397 549 2467 pestem
565 2401 690 2453 meditata
706 2398 835 2466 juvencae.
870 2406 872 2409 ’

235 2498 315 2548 Hunc
325 2497 454 2565 quoque(
463 2512 524 2548 nam
533 2496 627 2549 mediis
634 2495 784 2549 fervoribus
790 2494 876 2549 acrior
886 2495 980 2564 instat)

234 2595 344 2646 Arcebis
354 2591 465 2662 gravido
477 2592 570 2660 pecori
581 2611 590 2651 ·,
609 2607 779 2661 armentaque
790 2593 879 2662 pasces
984 2613 1031 2665 155

235 2693 299 2744 Sole
314 2705 406 2741 recens
419 2703 498 2751 orto,
517 2702 562 2740 aut
572 2688 679 2741 tiodiem
693 2689 849 2742 ducentibus
860 2688 942 2744 astris.

272 2784 335 2839 Post
344 2799 448 2853 partum
459 2821 467 2845 ‚
480 2799 541 2835 cura
550 2783 579 2835 in
588 2784 692 2836 vitulos
704 2782 845 2835 traducitur
855 2787 968 2848 omnis}

237 2878 429 2948 Continudque
443 2892 521 2931 notas
534 2879 560 2930 δι
569 2880 679 2932 uomina
688 2878 775 2949 gentis
785 2879 909 2947 inurunt,

236 2982 268 3037 Et
277 2994 347 3048 quos
358 2990 403 3029 aut
412 2974 504 3043 pecori
514 2974 607 3027 malint
618 2975 769 3028 submittere
778 2975 917 3042 habendo,
963 3012 968 3021 -
1053 2966 1058 2977 ’

234 3076 354 3135 Aut-cris
367 3075 472 3130 servare
481 3072 586 3136 sacros,
602 3086 646 3126 aut
657 3071 773 3129 scindere
784 3086 896 3139 terram,
981 3080 1033 3132 160
