2525 3934
325 405 400 484 168
517 396 860 482 AErvtrnos
954 396 957 401 ’

319 562 410 631 ErIpui
423 603 430 628 ‚
442 563 527 616 fateor
539 603 547 627 ‚
558 562 633 616 letho
644 579 687 616 me
698 603 706 628 ‚
719 565 746 616 δι
757 562 868 617 vincula
880 564 958 634 rupi,

265 658 480 729 135Limosoque
493 661 553 712 lacu
564 677 612 729 per
626 660 733 714 noslem
748 662 876 714 obscurus
890 661 922 714 in
932 663 996 715 ulva
1042 678 1044 683 ·

318 755 440 820 Delitui‚
452 759 515 809 dum
524 760 585 810 vela
596 758 705 820 darent,
720 755 820 811 fisorte
830 756 968 811 detlifl'ent.

256 846 260 853 ’
318 854 375 905 Nec
388 852 455 905 mihi
465 852 518 918 jam
528 853 642 922 patriam
652 852 788 922 antiquam
803 853 865 922 spes
876 855 934 906 ulla
943 850 1055 914 videndi,

319 949 376 1000 Nec
385 951 473 1002 dulces
483 963 560 1002 natos
569 963 779 1019 exoptatumque
788 965 949 1016 parentem,

321 1045 399 1110 Quos
410 1045 450 1098 illi
462 1047 517 1098 sors
527 1047 560 1098 ad
569 1063 663 1114 poenas
672 1046 708 1098 ob
718 1043 808 1097 nostra
819 1045 962 1113 reposcent

267 1150 319 1196 140
326 1141 443 1212 Effugia,
455 1143 481 1194 δι
491 1143 594 1209 culpam
603 1141 670 1192 hanc
679 1139 839 1192 miserorum
850 1157 940 1195 morte
951 1140 1057 1210 piabunt.

322 1241 404 1306 Quod
413 1254 439 1291 te
448 1255 496 1307 per
506 1239 616 1305 superos
629 1237 656 1288 ἃ
668 1236 772 1288 conscia
783 1237 892 1289 numina
903 1238 977 1302 veri,

322 1338 372 1391 Per
382 1378 390 1402 ‚
407 1337 426 1389 fi
438 1335 534 1406 quaest
544 1353 602 1404 quae
612 1334 689 1387 restet
698 1334 781 1386 adhuc
791 1317 949 1388 monilibus
961 1334 1057 1403 usquam

322 1435 480 1487 lntemerata
489 1430 554 1484 fides
565 1470 573 1494 ‚
585 1447 636 1482 oro
647 1449 655 1489 3
667 1414 790 1482 miserere
802 1432 928 1484 laborum

323 1529 489 1593 Tantorum,
506 1529 628 1581 miserere
642 1527 724 1580 animi
735 1542 791 1579 non
802 1527 884 1597 digna
895 1519 1019 1581 serentis.¹

270 1638 319 1688 145
360 1625 411 1678 His
417 1624 542 1695 lacrymis
548 1623 633 1677 vitam
640 1625 745 1687 damus,
754 1623 1058 1678 &miserescimusultru

323 1722 382 1790 lpse
392 1722 454 1773 viro
464 1722 564 1789 primus
576 1721 691 1774 manicas
701 1734 779 1789 atque
791 1719 861 1771 arth
870 1721 957 1774 levari

255 1830 257 1834 '
324 1819 421 1871 Vincla
430 1817 502 1884 jubet
513 1817 631 1870 Priamus
643 1857 650 1880 ,
663 1817 790 1886 ‹listisque
801 1817 839 1869 ira
850 1819 922 1871 fatur
932 1815 1037 1870 amitit:

324 1915 452 1986 Quisquis
464 1933 492 1968 es
503 1955 516 1980 ,.
527 1913 634 1968 amissos
644 1915 707 1968 hinc
719 1913 772 1981 iarn
784 1915 946 1977 obliviscere
959 1912 1061 1966 Graios:

325 2013 499 2077 Nostereris,
516 2011 635 2081 mihique
648 2013 705 2064 haec
717 2009 824 2064 edissere
838 2028 906 2064 vera
915 2011 1028 2083 roganti.

274 2124 325 2176 150
333 2109 395 2176 Quo
402 2113 501 2161 molem
507 2111 573 2161 hanc
580 2108 703 2160 immanis
709 2107 771 2175 equi
778 2106 908 2162 statuere?
916 2110 977 2178 quis
984 2108 1063 2161 aanor

328 2207 435 2272 Quidve
442 2209 552 2273 petunt?
561 2224 618 2274 quae
625 2205 743 2274 relligio?
752 2218 796 2256 aut
803 2221 861 2272 quae
868 2206 993 2258 machina
999 2203 1061 2258 beli?

327 2304 450 2356 Dixerat.
459 2304 507 2354 llle
519 2303 587 2355 dolis
598 2300 734 2352 instruslus
746 2301 772 2351 δι
781 2315 836 2352 arte
846 2300 955 2372 Pelasgi
966 2342 974 2366 ,

329 2400 436 2454 Sustulit
445 2400 548 2452 exsuras
557 2396 655 2448 vinclis
666 2398 697 2447 ad
706 2396 785 2446 sidera
797 2398 908 2464 palmas.

322 2499 389 2549 ·Vos
401 2537 409 2561 ‚
421 2494 511 2548 aeterni
522 2494 611 2563 ignes,
623 2494 650 2544 δι
659 2509 715 2545 non
723 2492 851 2544 violabile
859 2493 978 2546 vestrum

276 2609 323 2663 155
333 2594 426 2647 Testor
436 2608 534 2644 numen
545 2630 551 2653 ‚
562 2590 599 2641 ait
609 2608 616 2641 τ
626 2606 678 2641 vos
689 2605 739 2641 arae
749 2588 875 2657 ensesque
884 2589 1007 2651 nefandi,

330 2694 407 2758 Quos
416 2689 473 2759 fugi
484 2707 491 2748 3
502 2687 630 2755 vittaeque
642 2685 731 2737 Derim
741 2725 748 2748 ‚
765 2701 829 2753 quas
838 2683 922 2737 hostia
933 2685 1010 2755 gelli:

330 2791 378 2840 Fas
388 2785 454 2837 mihi
464 2784 608 2836 Graiorum
619 2782 715 2834 sacrata
727 2781 858 2834 resolvere
868 2780 925 2848 jura
936 2800 944 2841 3

330 2887 378 2938 Fas
388 2881 470 2934 odisse
478 2881 569 2942 viros,
580 2894 658 2948 atque
668 2876 759 2930 omnia
770 2877 837 2930 serre
849 2877 895 2930 sub
907 2894 981 2930 auras
992 2917 999 2941 ,

332 2982 361 3033 Si
373 2997 423 3048 qua
432 2991 525 3045 tegunt
537 2995 544 3028 ι
557 2990 651 3028 teneor
662 2976 753 3043 patriae
763 2990 812 3026 nec
823 2974 925 3043 legibus
937 2959 1007 3028 ullis.

281 3082 332 3131 reo
340 3079 382 3130 Tu
392 3071 473 3128 modo
482 3070 613 3140 promissis
624 3087 730 3125 manens
741 3109 749 3133 ,
766 3071 920 3141 servataque
931 3071 1019 3124 serves

992 3163 1069 3231 Troju

215 3346 283 3475 ἱ
