2525 3934
311 373 361 430 12
504 344 882 427 Bucoatca

299 509 481 581 ,Expmiamur
491 513 503 565 ἒ
515 512 572 582 ligo
580 511 649 564 hanc
658 510 772 565 vitulam
785 510 842 578 <ne
850 504 920 563 sorte
929 507 1050 570 rennes,

251 613 293 665 30·
307 609 352 661 Bis
363 609 441 662 venit
452 610 485 660 ad
494 608 651 672 mulctram,
667 608 745 661 binos
755 607 801 660 alit
812 608 892 660 ubete
904 605 1008 671 soettu)

305 705 444 773 Depon03
461 719 491 756 tu
502 706 543 758 dic
555 723 660 759 meeum
671 722 724 775 quo
740 704 853 774 pignore
865 715 962 756 certes.

548 804 809 854 Menalcan

304 899 349 952 De
361 915 438 969 grege
448 915 505 951 non
515 899 596 951 aufim
607 899 749 969 quiequam
761 899 894 965 deponere
904 909 1017 956 tecum

305 995 348 1048 Est
356 997 423 1048 mihi
432 1013 545 1064 namque
556 996 631 1047 domi
642 1011 716 1063 patet
726 1033 733 1058 ‚
749 993 786 1046 est
795 991 888 1059 iniusta
897 1010 1016 1046 noverca
1025 1013 1033 1045 z

304 1092 401 1162 Bisque
413 1094 606 1146 die-numerant
617 1093 696 1144 ambo
707 1108 787 1160 pecus
797 1129 805 1154 ‚
823 1092 889 1143 alter
902 1091 930 1143 δι
943 1092 1049 1147 hoedos.

250 1203 281 1255 35
304 1189 407 1242 Verdm
419 1189 446 1242 id
455 1191 527 1257 quod
535 1187 621 1241 multo
632 1203 689 1241 tute
701 1187 756 1256 ipse
765 1189 878 1241 fatebere
890 1187 998 1255 maius,

303 1266 420 1340 insaniit
430 1287 496 1340 libet
507 1287 635 1363 quoniam
646 1285 695 1337 tibi
706 1324 714 1348 ,
730 1288 826 1354 pocula
840 1301 942 1354 ponam

303 1383 425 1452 Faginus
437 1384 558 1436 celatum
574 1380 660 1434 divini
675 1398 743 1449 opus
753 1377 971 1449 Alcimedontis,
1040 1381 1043 1388 '

303 1479 387 1532 Lenta
396 1479 490 1548 quibus
503 1494 584 1531 torno
598 1478 670 1532 facili
680 1479 843 1548 superaddita
854 1479 939 1544 vitis,

302 1573 423 1628 Diffusos
432 1576 527 1627 hedeni
535 1573 613 1626 veslit
624 1575 738 1641 pallente
748 1576 902 1644 corymbos.

202 1693 205 1700 ¹
247 1690 283 1737 4ο
302 1673 335 1724 In
345 1672 435 1752 medio
446 1674 499 1725 duo
508 1673 597 1741 signa,
615 1675 727 1726 Conon:
740 1673 774 1727 δι.
841 1673 901 1742 quis
913 1674 965 1731 suit
973 1680 1045 1741 alter,

302 1769 447 1837 Descripsit
458 1769 532 1821 radio
542 1783 630 1821 totum
641 1769 688 1838 qui
700 1769 821 1839 gentihus
830 1770 944 1824 orbem?

302 1867 437 1936 Tempora
448 1884 506 1936 quae
516 1865 611 1918 meffor
623 1906 631 1930 ‚
650 1884 709 1935 quae
719 1884 815 1921 curvus
825 1883 913 1920 arator
922 1869 1044 1924 haberet?

301 1966 421 2020 Necdum
433 1965 486 2019 illis
494 1967 565 2019 labra
574 1965 703 2029 admovi,
722 1965 766 2018 sed
776 1965 881 2018 condita
892 1965 984 2023 servu.

555 2063 799 2115 Dammana

300 2158 334 2210 Et
348 2157 426 2231 nohis
441 2156 511 2210 idem
525 2157 684 2210 Alcimedon
700 2158 753 2210 duo
770 2161 866 2226 pocula
881 2161 964 2226 fecit,

245 2273 277 2326 45
299 2255 332 2306 Et
343 2254 420 2307 molli
428 2253 532 2307 'circum
544 2253 580 2306 est
588 2255 662 2308 ansas
675 2259 812 2324 amplexus
825 2259 937 2312 acantho
950 2278 957 2312 :

300 2351 462 2420 Orpheaque
473 2351 503 2402 in
513 2349 602 2403 medio
618 2351 728 2418 posuit,
742 2352 881 2422 sylvasque
893 2354 1043 2423 sequentes.⁴

298 2451 419 2502 Necdum
431 2447 484 2500 illis
496 2448 565 2500 labra
576 2448 701 2511 admovi,
713 2449 757 2501 sed
771 2450 878 2502 condita
887 2452 977 2508 servo.

299 2545 329 2599 Si
339 2546 372 2597 ad
382 2545 495 2597 vindam
505 2543 604 2613 spedles
615 2584 623 2610 ‚
636 2545 703 2597 nihil
712 2544 748 2597 est
757 2544 830 2614 qudd
838 2551 934 2614 pocula
943 2552 1042 2607 laudes.

531 2641 564 2693 M
579 2656 597 2693 a
614 2656 634 2692 n
648 2655 669 2694 a
686 2654 766 2692 toa
783 2657 806 2697 s.

298 2742 449 2809 Numquam
454 2736 782 2807 hodieeffiigiesweniam
790 2757 958 2812 quocumque
964 2737 1074 2802 vocaris.

246 2853 278 2905 50
297 2836 393 2891 Audiat
403 2837 460 2891 hac
471 2836 573 2891 tantum
585 2873 593 2900 ,
605 2838 651 2888 vel
661 2834 707 2905 qui
719 2835 795 2888 venit
807 2856 814 2890 z
825 2854 885 2891 ecce
896 2839 1041 2901 Palemon·

297 2935 412 2989 Efficiam
423 2934 529 3004 posthae
541 2951 574 2990 ne
586 2950 745 3007 quemquem
759 2951 828 2992 voce
843 2935 957 2999 lacessas.
