<?xml version="1.0" encoding="UTF-8"?>
<!DOCTYPE html PUBLIC "-//W3C//DTD XHTML 1.0 Transitional//EN"
    "http://www.w3.org/TR/xhtml1/DTD/xhtml1-transitional.dtd">
<html xmlns="http://www.w3.org/1999/xhtml" xml:lang="en" lang="en">
 <head>
  <title>
</title>
<meta http-equiv="Content-Type" content="text/html;charset=utf-8" />
  <meta name='ocr-system' content='tesseract 3.04.00' />
  <meta name='ocr-capabilities' content='ocr_page ocr_carea ocr_par ocr_line ocrx_word'/>
</head>
<body>
  <div class='ocr_page' id='page_1' title='image "./publiivirgiliim01vegigoog/publiivirgiliim01vegigoog_0070.png"; bbox 0 0 2525 3934; ppageno 0'>
   <div class='ocr_carea' id='block_1_1' title="bbox 345 383 912 485">
    <p class='ocr_par' dir='ltr' id='par_1_1' title="bbox 345 383 912 485">
     <span class='ocr_line' id='line_1_1' title="bbox 345 383 912 485; baseline 0.016 -20"><span class='ocrx_word' id='word_1_1' title='bbox 345 413 398 485; x_wconf 85' lang='lat'>24</span> <span class='ocrx_word' id='word_1_2' title='bbox 539 383 912 474; x_wconf 67' lang='lat' dir='ltr'>Bucolica·</span> 
     </span>
    </p>
   </div>
   <div class='ocr_carea' id='block_1_2' title="bbox 277 548 1068 3216">
    <p class='ocr_par' dir='ltr' id='par_1_2' title="bbox 339 548 995 720">
     <span class='ocr_line' id='line_1_2' title="bbox 340 548 995 623; baseline 0.005 -22"><span class='ocrx_word' id='word_1_3' title='bbox 340 550 456 620; x_wconf 82' lang='lat' dir='ltr'>Aggreffi</span> <span class='ocrx_word' id='word_1_4' title='bbox 467 548 478 616; x_wconf 90' lang='grc'>(</span> <span class='ocrx_word' id='word_1_5' title='bbox 488 568 549 604; x_wconf 88' lang='lat' dir='ltr'>nam</span> <span class='ocrx_word' id='word_1_6' title='bbox 559 554 627 622; x_wconf 87' lang='lat' dir='ltr'>saepe</span> <span class='ocrx_word' id='word_1_7' title='bbox 637 555 717 607; x_wconf 85' lang='lat' dir='ltr'>senex</span> <span class='ocrx_word' id='word_1_8' title='bbox 726 555 771 623; x_wconf 89' lang='lat' dir='ltr'>spe</span> <span class='ocrx_word' id='word_1_9' title='bbox 783 553 906 607; x_wconf 78' lang='lat' dir='ltr'><strong>carminis</strong></span> <span class='ocrx_word' id='word_1_10' title='bbox 918 553 995 606; x_wconf 90' lang='lat' dir='ltr'>ambo</span> 
     </span>
     <span class='ocr_line' id='line_1_3' title="bbox 339 646 951 720; baseline 0.01 -22"><span class='ocrx_word' id='word_1_11' title='bbox 339 646 469 714; x_wconf 83' lang='lat' dir='ltr'>Luserat)</span> <span class='ocrx_word' id='word_1_12' title='bbox 485 648 607 714; x_wconf 83' lang='lat' dir='ltr'>injiciunt</span> <span class='ocrx_word' id='word_1_13' title='bbox 622 650 684 720; x_wconf 78' lang='lat' dir='ltr'>ipsis</span> <span class='ocrx_word' id='word_1_14' title='bbox 699 668 734 703; x_wconf 86' lang='lat' dir='ltr'>ex</span> <span class='ocrx_word' id='word_1_15' title='bbox 744 650 851 704; x_wconf 87' lang='lat' dir='ltr'>vincula</span> <span class='ocrx_word' id='word_1_16' title='bbox 865 650 951 703; x_wconf 81' lang='lat' dir='ltr'>sertis.</span> 
     </span>
    </p>

    <p class='ocr_par' dir='ltr' id='par_1_3' title="bbox 285 744 1017 1011">
     <span class='ocr_line' id='line_1_4' title="bbox 285 744 1017 818; baseline 0.014 -27"><span class='ocrx_word' id='word_1_17' title='bbox 285 753 320 791; x_wconf 88' lang='lat'>20</span> <span class='ocrx_word' id='word_1_18' title='bbox 339 744 419 796; x_wconf 88' lang='lat' dir='ltr'>Addit</span> <span class='ocrx_word' id='word_1_19' title='bbox 429 744 455 796; x_wconf 89' lang='lat' dir='ltr'>se</span> <span class='ocrx_word' id='word_1_20' title='bbox 465 745 563 799; x_wconf 82' lang='lat' dir='ltr'>sociam</span> <span class='ocrx_word' id='word_1_21' title='bbox 576 788 584 813; x_wconf 89' lang='lat'>‚</span> <span class='ocrx_word' id='word_1_22' title='bbox 596 747 746 817; x_wconf 89' lang='lat' dir='ltr'>timidisque</span> <span class='ocrx_word' id='word_1_23' title='bbox 758 747 911 816; x_wconf 84' lang='lat' dir='ltr'>supervenit</span> <span class='ocrx_word' id='word_1_24' title='bbox 919 747 1017 818; x_wconf 82' lang='lat' dir='ltr'>AEgle,&#39;</span> 
     </span>
     <span class='ocr_line' id='line_1_5' title="bbox 338 841 1003 914; baseline 0 -21"><span class='ocrx_word' id='word_1_25' title='bbox 338 841 416 911; x_wconf 82' lang='lat' dir='ltr'>AEgle</span> <span class='ocrx_word' id='word_1_26' title='bbox 427 843 555 896; x_wconf 83' lang='lat' dir='ltr'>Naiadum</span> <span class='ocrx_word' id='word_1_27' title='bbox 566 846 741 914; x_wconf 87' lang='lat' dir='ltr'>pulcherrirna</span> <span class='ocrx_word' id='word_1_28' title='bbox 751 863 758 897; x_wconf 75' lang='grc' dir='ltr'><strong><em>ε</em></strong></span> <span class='ocrx_word' id='word_1_29' title='bbox 768 843 873 913; x_wconf 80' lang='lat' dir='ltr'>jamque</span> <span class='ocrx_word' id='word_1_30' title='bbox 881 844 987 897; x_wconf 79' lang='lat' dir='ltr'>videnti</span> <span class='ocrx_word' id='word_1_31' title='bbox 1000 888 1003 893; x_wconf 91' lang='lat'>.</span> 
     </span>
     <span class='ocr_line' id='line_1_6' title="bbox 338 938 991 1011; baseline 0.009 -22"><span class='ocrx_word' id='word_1_32' title='bbox 338 938 494 1008; x_wconf 74' lang='lat' dir='ltr'>sanguineis</span> <span class='ocrx_word' id='word_1_33' title='bbox 503 941 618 993; x_wconf 87' lang='lat' dir='ltr'>frontem</span> <span class='ocrx_word' id='word_1_34' title='bbox 629 941 713 994; x_wconf 87' lang='lat' dir='ltr'>moris</span> <span class='ocrx_word' id='word_1_35' title='bbox 726 942 752 994; x_wconf 74' lang='grc' dir='ltr'>δι</span> <span class='ocrx_word' id='word_1_36' title='bbox 763 956 884 1008; x_wconf 88' lang='lat' dir='ltr'>tempora</span> <span class='ocrx_word' id='word_1_37' title='bbox 892 941 991 1011; x_wconf 83' lang='lat' dir='ltr'>pingit.</span> 
     </span>
    </p>

    <p class='ocr_par' dir='ltr' id='par_1_4' title="bbox 338 1022 1045 1203">
     <span class='ocr_line' id='line_1_7' title="bbox 338 1022 1045 1107; baseline 0.004 -21"><span class='ocrx_word' id='word_1_38' title='bbox 338 1035 386 1086; x_wconf 88' lang='lat' dir='ltr'>Ille</span> <span class='ocrx_word' id='word_1_39' title='bbox 397 1037 488 1088; x_wconf 89' lang='lat' dir='ltr'>dolum</span> <span class='ocrx_word' id='word_1_40' title='bbox 497 1036 584 1089; x_wconf 83' lang='lat' dir='ltr'>ridens</span> <span class='ocrx_word' id='word_1_41' title='bbox 595 1057 602 1089; x_wconf 89' lang='lat'>:</span> <span class='ocrx_word' id='word_1_42' title='bbox 616 1035 679 1104; x_wconf 79' lang='lat' dir='ltr'>Quo</span> <span class='ocrx_word' id='word_1_43' title='bbox 690 1038 796 1090; x_wconf 85' lang='lat' dir='ltr'>vincula</span> <span class='ocrx_word' id='word_1_44' title='bbox 805 1022 926 1100; x_wconf 71' lang='lat' dir='ltr'>nediitis,</span> <span class='ocrx_word' id='word_1_45' title='bbox 939 1034 1024 1107; x_wconf 87' lang='lat' dir='ltr'>inquit</span> <span class='ocrx_word' id='word_1_46' title='bbox 1029 1036 1045 1090; x_wconf 60' lang='grc' dir='ltr'>θ’</span> 
     </span>
     <span class='ocr_line' id='line_1_8' title="bbox 338 1131 972 1203; baseline 0.005 -20"><span class='ocrx_word' id='word_1_47' title='bbox 338 1132 443 1186; x_wconf 88' lang='lat' dir='ltr'>Solvite</span> <span class='ocrx_word' id='word_1_48' title='bbox 453 1150 497 1187; x_wconf 88' lang='lat' dir='ltr'>me</span> <span class='ocrx_word' id='word_1_49' title='bbox 507 1174 515 1197; x_wconf 84' lang='lat'>‚</span> <span class='ocrx_word' id='word_1_50' title='bbox 527 1135 602 1203; x_wconf 84' lang='lat' dir='ltr'>pueri</span> <span class='ocrx_word' id='word_1_51' title='bbox 613 1153 620 1186; x_wconf 85' lang='lat' dir='ltr'>t</span> <span class='ocrx_word' id='word_1_52' title='bbox 631 1133 695 1187; x_wconf 85' lang='lat' dir='ltr'>satis</span> <span class='ocrx_word' id='word_1_53' title='bbox 706 1133 742 1186; x_wconf 86' lang='lat' dir='ltr'>est</span> <span class='ocrx_word' id='word_1_54' title='bbox 751 1131 863 1201; x_wconf 73' lang='lat' dir='ltr'>potuisse</span> <span class='ocrx_word' id='word_1_55' title='bbox 873 1132 972 1187; x_wconf 88' lang='lat' dir='ltr'>videri.</span> 
     </span>
    </p>

    <p class='ocr_par' dir='ltr' id='par_1_5' title="bbox 283 1226 1053 1396">
     <span class='ocr_line' id='line_1_9' title="bbox 283 1226 1053 1302; baseline 0.006 -21"><span class='ocrx_word' id='word_1_56' title='bbox 283 1241 314 1293; x_wconf 85' lang='lat'>25</span> <span class='ocrx_word' id='word_1_57' title='bbox 339 1230 460 1283; x_wconf 85' lang='lat' dir='ltr'>Carmina</span> <span class='ocrx_word' id='word_1_58' title='bbox 471 1249 529 1301; x_wconf 82' lang='lat' dir='ltr'>quae</span> <span class='ocrx_word' id='word_1_59' title='bbox 540 1233 639 1295; x_wconf 83' lang='lat' dir='ltr'>vultis,</span> <span class='ocrx_word' id='word_1_60' title='bbox 654 1231 806 1302; x_wconf 80' lang='lat' dir='ltr'>cognoscite</span> <span class='ocrx_word' id='word_1_61' title='bbox 818 1249 825 1283; x_wconf 88' lang='lat'>:</span> <span class='ocrx_word' id='word_1_62' title='bbox 837 1228 956 1283; x_wconf 86' lang='lat' dir='ltr'>carmina</span> <span class='ocrx_word' id='word_1_63' title='bbox 964 1226 1053 1286; x_wconf 60' lang='lat' dir='ltr'>vobit?</span> 
     </span>
     <span class='ocr_line' id='line_1_10' title="bbox 337 1326 988 1396; baseline 0.002 -16"><span class='ocrx_word' id='word_1_64' title='bbox 337 1328 407 1380; x_wconf 85' lang='lat' dir='ltr'>Huic</span> <span class='ocrx_word' id='word_1_65' title='bbox 421 1330 491 1381; x_wconf 89' lang='lat' dir='ltr'>aliud</span> <span class='ocrx_word' id='word_1_66' title='bbox 508 1329 634 1383; x_wconf 84' lang='lat' dir='ltr'>mercedis</span> <span class='ocrx_word' id='word_1_67' title='bbox 646 1330 704 1381; x_wconf 88' lang='lat' dir='ltr'>erit.</span> <span class='ocrx_word' id='word_1_68' title='bbox 719 1329 804 1381; x_wconf 86' lang='lat' dir='ltr'>Simul</span> <span class='ocrx_word' id='word_1_69' title='bbox 813 1327 909 1396; x_wconf 86' lang='lat' dir='ltr'>incipit</span> <span class='ocrx_word' id='word_1_70' title='bbox 919 1326 988 1395; x_wconf 83' lang='lat' dir='ltr'>ipse.</span> 
     </span>
    </p>

    <p class='ocr_par' dir='ltr' id='par_1_6' title="bbox 335 1422 1065 1687">
     <span class='ocr_line' id='line_1_11' title="bbox 363 1422 1065 1494; baseline -0.004 -17"><span class='ocrx_word' id='word_1_71' title='bbox 363 1426 433 1477; x_wconf 90' lang='lat' dir='ltr'>Tum</span> <span class='ocrx_word' id='word_1_72' title='bbox 439 1426 540 1479; x_wconf 81' lang='lat' dir='ltr'>verdin</span> <span class='ocrx_word' id='word_1_73' title='bbox 546 1442 685 1478; x_wconf 89' lang='lat' dir='ltr'>numerum</span> <span class='ocrx_word' id='word_1_74' title='bbox 691 1424 843 1494; x_wconf 83' lang='lat' dir='ltr'>Faunosque</span> <span class='ocrx_word' id='word_1_75' title='bbox 849 1425 970 1493; x_wconf 85' lang='lat' dir='ltr'>serasque</span> <span class='ocrx_word' id='word_1_76' title='bbox 975 1422 1065 1477; x_wconf 77' lang='lat' dir='ltr'>videm</span> 
     </span>
     <span class='ocr_line' id='line_1_12' title="bbox 335 1520 1023 1590; baseline 0.003 -17"><span class='ocrx_word' id='word_1_77' title='bbox 335 1521 436 1574; x_wconf 84' lang='lat' dir='ltr'>Ludere</span> <span class='ocrx_word' id='word_1_78' title='bbox 449 1561 457 1585; x_wconf 86' lang='lat'>,</span> <span class='ocrx_word' id='word_1_79' title='bbox 471 1537 528 1574; x_wconf 89' lang='lat' dir='ltr'>tum</span> <span class='ocrx_word' id='word_1_80' title='bbox 540 1522 635 1590; x_wconf 87' lang='lat' dir='ltr'>rigidas</span> <span class='ocrx_word' id='word_1_81' title='bbox 645 1535 746 1574; x_wconf 85' lang='lat' dir='ltr'>motare</span> <span class='ocrx_word' id='word_1_82' title='bbox 755 1520 891 1572; x_wconf 83' lang='lat' dir='ltr'>cacumina</span> <span class='ocrx_word' id='word_1_83' title='bbox 902 1537 1023 1589; x_wconf 79' lang='lat' dir='ltr'>quercus.</span> 
     </span>
     <span class='ocr_line' id='line_1_13' title="bbox 335 1616 963 1687; baseline 0.002 -18"><span class='ocrx_word' id='word_1_84' title='bbox 335 1619 392 1671; x_wconf 88' lang='lat' dir='ltr'>Nec</span> <span class='ocrx_word' id='word_1_85' title='bbox 402 1617 504 1670; x_wconf 76' lang='lat' dir='ltr'>tantum</span> <span class='ocrx_word' id='word_1_86' title='bbox 513 1618 614 1670; x_wconf 84' lang='lat' dir='ltr'>Phoebo</span> <span class='ocrx_word' id='word_1_87' title='bbox 623 1620 717 1687; x_wconf 87' lang='lat' dir='ltr'>gaudet</span> <span class='ocrx_word' id='word_1_88' title='bbox 726 1616 853 1670; x_wconf 77' lang='lat' dir='ltr'>Parnassia</span> <span class='ocrx_word' id='word_1_89' title='bbox 862 1633 943 1686; x_wconf 87' lang='lat' dir='ltr'>rupes</span> <span class='ocrx_word' id='word_1_90' title='bbox 953 1656 963 1682; x_wconf 86' lang='lat'>‚</span> 
     </span>
    </p>

    <p class='ocr_par' dir='ltr' id='par_1_7' title="bbox 282 1713 1051 1782">
     <span class='ocr_line' id='line_1_14' title="bbox 282 1713 1051 1782; baseline -0.001 -17"><span class='ocrx_word' id='word_1_91' title='bbox 282 1725 317 1778; x_wconf 83' lang='lat'>30</span> <span class='ocrx_word' id='word_1_92' title='bbox 335 1715 391 1767; x_wconf 84' lang='lat' dir='ltr'>Nec</span> <span class='ocrx_word' id='word_1_93' title='bbox 402 1713 504 1765; x_wconf 80' lang='lat' dir='ltr'>tannim</span> <span class='ocrx_word' id='word_1_94' title='bbox 515 1714 646 1781; x_wconf 86' lang='lat' dir='ltr'>Rhodope</span> <span class='ocrx_word' id='word_1_95' title='bbox 654 1713 767 1765; x_wconf 85' lang='lat' dir='ltr'>miratur</span> <span class='ocrx_word' id='word_1_96' title='bbox 778 1714 805 1765; x_wconf 90' lang='lat'>&amp;</span> <span class='ocrx_word' id='word_1_97' title='bbox 815 1713 929 1766; x_wconf 79' lang='lat' dir='ltr'>ismarus</span> <span class='ocrx_word' id='word_1_98' title='bbox 940 1713 1051 1782; x_wconf 77' lang='lat' dir='ltr'>Orphea.</span> 
     </span>
    </p>

    <p class='ocr_par' dir='ltr' id='par_1_8' title="bbox 334 1808 1063 2168">
     <span class='ocr_line' id='line_1_15' title="bbox 371 1808 1037 1879; baseline 0.002 -18"><span class='ocrx_word' id='word_1_99' title='bbox 371 1811 492 1877; x_wconf 89' lang='lat' dir='ltr'>Namque</span> <span class='ocrx_word' id='word_1_100' title='bbox 501 1811 608 1862; x_wconf 82' lang='lat' dir='ltr'>canebat</span> <span class='ocrx_word' id='word_1_101' title='bbox 618 1809 659 1861; x_wconf 91' lang='lat' dir='ltr'>uti</span> <span class='ocrx_word' id='word_1_102' title='bbox 669 1825 793 1879; x_wconf 87' lang='lat' dir='ltr'>magnum</span> <span class='ocrx_word' id='word_1_103' title='bbox 802 1825 850 1878; x_wconf 87' lang='lat' dir='ltr'>per</span> <span class='ocrx_word' id='word_1_104' title='bbox 860 1808 940 1862; x_wconf 88' lang='lat' dir='ltr'>inane</span> <span class='ocrx_word' id='word_1_105' title='bbox 951 1808 1037 1863; x_wconf 63' lang='lat' dir='ltr'>coa&amp;</span> 
     </span>
     <span class='ocr_line' id='line_1_16' title="bbox 335 1902 1063 1976; baseline 0.003 -15"><span class='ocrx_word' id='word_1_106' title='bbox 335 1907 626 1976; x_wconf 83' lang='lat' dir='ltr'>Seminaterrantmque</span> <span class='ocrx_word' id='word_1_107' title='bbox 634 1945 641 1970; x_wconf 92' lang='lat'><strong>‚</strong></span> <span class='ocrx_word' id='word_1_108' title='bbox 649 1906 809 1974; x_wconf 74' lang='lat' dir='ltr'>animaque,</span> <span class='ocrx_word' id='word_1_109' title='bbox 817 1905 949 1975; x_wconf 86' lang='lat' dir='ltr'>marisque</span> <span class='ocrx_word' id='word_1_110' title='bbox 958 1902 1063 1963; x_wconf 74' lang='lat' dir='ltr'>fuiffot.</span> 
     </span>
     <span class='ocr_line' id='line_1_17' title="bbox 334 2002 970 2074; baseline -0.002 -17"><span class='ocrx_word' id='word_1_111' title='bbox 334 2005 367 2057; x_wconf 89' lang='lat' dir='ltr'>Et</span> <span class='ocrx_word' id='word_1_112' title='bbox 377 2003 472 2074; x_wconf 89' lang='lat' dir='ltr'>liquidi</span> <span class='ocrx_word' id='word_1_113' title='bbox 480 2004 556 2057; x_wconf 87' lang='lat' dir='ltr'>fimul</span> <span class='ocrx_word' id='word_1_114' title='bbox 567 2005 654 2074; x_wconf 83' lang='lat' dir='ltr'>ignis:</span> <span class='ocrx_word' id='word_1_115' title='bbox 665 2018 695 2055; x_wconf 93' lang='lat' dir='ltr'>ut</span> <span class='ocrx_word' id='word_1_116' title='bbox 705 2004 746 2056; x_wconf 89' lang='lat' dir='ltr'>his</span> <span class='ocrx_word' id='word_1_117' title='bbox 755 2003 865 2056; x_wconf 85' lang='lat' dir='ltr'>exordia</span> <span class='ocrx_word' id='word_1_118' title='bbox 873 2002 970 2070; x_wconf 84' lang='lat' dir='ltr'>primis</span> 
     </span>
     <span class='ocr_line' id='line_1_18' title="bbox 335 2099 1029 2168; baseline -0.001 -14"><span class='ocrx_word' id='word_1_119' title='bbox 335 2101 455 2164; x_wconf 84' lang='lat' dir='ltr'>Omnia,</span> <span class='ocrx_word' id='word_1_120' title='bbox 472 2101 498 2153; x_wconf 74' lang='grc' dir='ltr'>δι</span> <span class='ocrx_word' id='word_1_121' title='bbox 507 2101 562 2168; x_wconf 89' lang='lat' dir='ltr'>ipse</span> <span class='ocrx_word' id='word_1_122' title='bbox 573 2114 648 2153; x_wconf 90' lang='lat' dir='ltr'>tener</span> <span class='ocrx_word' id='word_1_123' title='bbox 657 2099 748 2152; x_wconf 88' lang='lat' dir='ltr'>mundi</span> <span class='ocrx_word' id='word_1_124' title='bbox 756 2099 923 2152; x_wconf 87' lang='lat' dir='ltr'>concreverit</span> <span class='ocrx_word' id='word_1_125' title='bbox 936 2099 1029 2153; x_wconf 74' lang='lat' dir='ltr'>orbist‘</span> 
     </span>
    </p>

    <p class='ocr_par' dir='ltr' id='par_1_9' title="bbox 280 2195 1051 2651">
     <span class='ocr_line' id='line_1_19' title="bbox 280 2195 1003 2265; baseline -0.003 -16"><span class='ocrx_word' id='word_1_126' title='bbox 280 2211 311 2265; x_wconf 83' lang='lat'>35</span> <span class='ocrx_word' id='word_1_127' title='bbox 333 2199 403 2250; x_wconf 90' lang='lat' dir='ltr'>Tum</span> <span class='ocrx_word' id='word_1_128' title='bbox 412 2199 503 2248; x_wconf 88' lang='lat' dir='ltr'>durare</span> <span class='ocrx_word' id='word_1_129' title='bbox 512 2197 617 2259; x_wconf 85' lang='lat' dir='ltr'>solum,</span> <span class='ocrx_word' id='word_1_130' title='bbox 631 2197 658 2247; x_wconf 71' lang='grc' dir='ltr'>ἃ</span> <span class='ocrx_word' id='word_1_131' title='bbox 667 2195 808 2247; x_wconf 88' lang='lat' dir='ltr'>discludere</span> <span class='ocrx_word' id='word_1_132' title='bbox 819 2197 906 2248; x_wconf 86' lang='lat' dir='ltr'>Nerea</span> <span class='ocrx_word' id='word_1_133' title='bbox 915 2208 1003 2265; x_wconf 87' lang='lat' dir='ltr'>ponto</span> 
     </span>
     <span class='ocr_line' id='line_1_20' title="bbox 324 2292 993 2362; baseline 0 -16"><span class='ocrx_word' id='word_1_134' title='bbox 324 2293 456 2362; x_wconf 82' lang='lat' dir='ltr'>&#39;Coeperit</span> <span class='ocrx_word' id='word_1_135' title='bbox 468 2331 475 2355; x_wconf 89' lang='lat'>‚</span> <span class='ocrx_word' id='word_1_136' title='bbox 493 2293 519 2344; x_wconf 80' lang='grc' dir='ltr'>δι</span> <span class='ocrx_word' id='word_1_137' title='bbox 531 2309 617 2344; x_wconf 90' lang='lat' dir='ltr'>rerum</span> <span class='ocrx_word' id='word_1_138' title='bbox 629 2292 754 2360; x_wconf 89' lang='lat' dir='ltr'>paulatim</span> <span class='ocrx_word' id='word_1_139' title='bbox 765 2293 866 2344; x_wconf 88' lang='lat' dir='ltr'>sumere</span> <span class='ocrx_word' id='word_1_140' title='bbox 876 2294 993 2346; x_wconf 79' lang='lat' dir='ltr'>formast</span> 
     </span>
     <span class='ocr_line' id='line_1_21' title="bbox 333 2388 1051 2458; baseline -0.003 -16"><span class='ocrx_word' id='word_1_141' title='bbox 333 2393 443 2458; x_wconf 85' lang='lat' dir='ltr'>Jamque</span> <span class='ocrx_word' id='word_1_142' title='bbox 453 2405 554 2441; x_wconf 86' lang='lat' dir='ltr'>novum</span> <span class='ocrx_word' id='word_1_143' title='bbox 566 2402 596 2440; x_wconf 93' lang='lat' dir='ltr'>ut</span> <span class='ocrx_word' id='word_1_144' title='bbox 604 2402 679 2441; x_wconf 82' lang='lat' dir='ltr'>terrae</span> <span class='ocrx_word' id='word_1_145' title='bbox 689 2388 806 2457; x_wconf 87' lang='lat' dir='ltr'>stupeant</span> <span class='ocrx_word' id='word_1_146' title='bbox 814 2388 945 2441; x_wconf 88' lang='lat' dir='ltr'>lucescere</span> <span class='ocrx_word' id='word_1_147' title='bbox 956 2389 1051 2448; x_wconf 69' lang='lat' dir='ltr'>solem·</span> 
     </span>
     <span class='ocr_line' id='line_1_22' title="bbox 334 2484 1001 2553; baseline 0 -15"><span class='ocrx_word' id='word_1_148' title='bbox 334 2487 420 2539; x_wconf 75' lang='lat' dir='ltr'>Altius</span> <span class='ocrx_word' id='word_1_149' title='bbox 430 2491 508 2553; x_wconf 88' lang='lat' dir='ltr'>arque</span> <span class='ocrx_word' id='word_1_150' title='bbox 518 2485 609 2536; x_wconf 86' lang='lat' dir='ltr'>cadant</span> <span class='ocrx_word' id='word_1_151' title='bbox 617 2484 756 2536; x_wconf 89' lang='lat' dir='ltr'>summotis</span> <span class='ocrx_word' id='word_1_152' title='bbox 767 2484 877 2536; x_wconf 88' lang='lat' dir='ltr'>nubibus</span> <span class='ocrx_word' id='word_1_153' title='bbox 887 2485 1001 2538; x_wconf 82' lang='lat' dir='ltr'>imbres:</span> 
     </span>
     <span class='ocr_line' id='line_1_23' title="bbox 334 2579 1014 2651; baseline -0.006 -15"><span class='ocrx_word' id='word_1_154' title='bbox 334 2583 465 2650; x_wconf 78' lang='lat' dir='ltr'>incipiant</span> <span class='ocrx_word' id='word_1_155' title='bbox 476 2582 559 2650; x_wconf 72' lang='lat' dir='ltr'>sylva</span> <span class='ocrx_word' id='word_1_156' title='bbox 568 2580 628 2633; x_wconf 90' lang='lat' dir='ltr'>cdm</span> <span class='ocrx_word' id='word_1_157' title='bbox 639 2580 754 2647; x_wconf 78' lang='lat' dir='ltr'>primum</span> <span class='ocrx_word' id='word_1_158' title='bbox 764 2579 867 2649; x_wconf 84' lang='lat' dir='ltr'>surgere</span> <span class='ocrx_word' id='word_1_159' title='bbox 879 2617 887 2644; x_wconf 89' lang='lat'>‚</span> <span class='ocrx_word' id='word_1_160' title='bbox 899 2583 1014 2651; x_wconf 79' lang='lat' dir='ltr'>cumque</span> 
     </span>
    </p>

    <p class='ocr_par' dir='ltr' id='par_1_10' title="bbox 277 2676 929 2748">
     <span class='ocr_line' id='line_1_24' title="bbox 277 2676 929 2748; baseline -0.008 -14"><span class='ocrx_word' id='word_1_161' title='bbox 277 2700 314 2748; x_wconf 80' lang='lat'>40</span> <span class='ocrx_word' id='word_1_162' title='bbox 331 2683 400 2734; x_wconf 88' lang='lat' dir='ltr'>Rara</span> <span class='ocrx_word' id='word_1_163' title='bbox 410 2695 457 2747; x_wconf 88' lang='lat' dir='ltr'>per</span> <span class='ocrx_word' id='word_1_164' title='bbox 468 2678 577 2748; x_wconf 82' lang='lat' dir='ltr'>ignotos</span> <span class='ocrx_word' id='word_1_165' title='bbox 587 2690 674 2728; x_wconf 88' lang='lat' dir='ltr'>errent</span> <span class='ocrx_word' id='word_1_166' title='bbox 683 2676 805 2728; x_wconf 87' lang='lat' dir='ltr'>animalia</span> <span class='ocrx_word' id='word_1_167' title='bbox 813 2691 929 2729; x_wconf 88' lang='lat' dir='ltr'>montes.</span> 
     </span>
    </p>

    <p class='ocr_par' dir='ltr' id='par_1_11' title="bbox 335 2771 1066 3133">
     <span class='ocr_line' id='line_1_25' title="bbox 371 2771 1019 2846; baseline 0.002 -19"><span class='ocrx_word' id='word_1_168' title='bbox 371 2775 441 2827; x_wconf 86' lang='lat' dir='ltr'>Hinc</span> <span class='ocrx_word' id='word_1_169' title='bbox 453 2774 550 2841; x_wconf 84' lang='lat' dir='ltr'>lapides</span> <span class='ocrx_word' id='word_1_170' title='bbox 562 2771 669 2841; x_wconf 82' lang='lat' dir='ltr'>Pyrthae</span> <span class='ocrx_word' id='word_1_171' title='bbox 680 2771 762 2837; x_wconf 69' lang='lat' dir='ltr'>jaclos</span> <span class='ocrx_word' id='word_1_172' title='bbox 774 2810 782 2833; x_wconf 83' lang='lat'><strong>‚</strong></span> <span class='ocrx_word' id='word_1_173' title='bbox 794 2773 914 2825; x_wconf 85' lang='lat' dir='ltr'>Saturnia</span> <span class='ocrx_word' id='word_1_174' title='bbox 925 2791 1019 2846; x_wconf 80' lang='lat' dir='ltr'>regna,</span> 
     </span>
     <span class='ocr_line' id='line_1_26' title="bbox 336 2864 1064 2938; baseline -0.003 -14"><span class='ocrx_word' id='word_1_175' title='bbox 336 2869 526 2937; x_wconf 87' lang='lat' dir='ltr'>Caucaseasque</span> <span class='ocrx_word' id='word_1_176' title='bbox 533 2868 906 2938; x_wconf 84' lang='lat' dir='ltr'>refertvolucres,furtumque</span> <span class='ocrx_word' id='word_1_177' title='bbox 913 2864 1064 2927; x_wconf 87' lang='lat' dir='ltr'>Promethei.</span> 
     </span>
     <span class='ocr_line' id='line_1_27' title="bbox 335 2959 1004 3035; baseline 0 -15"><span class='ocrx_word' id='word_1_178' title='bbox 335 2968 386 3021; x_wconf 86' lang='lat' dir='ltr'>His</span> <span class='ocrx_word' id='word_1_179' title='bbox 398 2965 515 3035; x_wconf 79' lang='lat' dir='ltr'>adjungit</span> <span class='ocrx_word' id='word_1_180' title='bbox 524 2965 629 3034; x_wconf 87' lang='lat' dir='ltr'>Hylan,</span> <span class='ocrx_word' id='word_1_181' title='bbox 641 2979 726 3017; x_wconf 84' lang='lat' dir='ltr'>nautae</span> <span class='ocrx_word' id='word_1_182' title='bbox 736 2983 790 3032; x_wconf 85' lang='lat' dir='ltr'>quo</span> <span class='ocrx_word' id='word_1_183' title='bbox 799 2959 873 3020; x_wconf 66' lang='lat' dir='ltr'>some</span> <span class='ocrx_word' id='word_1_184' title='bbox 882 2968 1004 3026; x_wconf 73' lang='lat' dir='ltr'>relictum</span> 
     </span>
     <span class='ocr_line' id='line_1_28' title="bbox 338 3061 1066 3133; baseline -0.005 -14"><span class='ocrx_word' id='word_1_185' title='bbox 338 3063 510 3124; x_wconf 76' lang='lat' dir='ltr'>clamassen13</span> <span class='ocrx_word' id='word_1_186' title='bbox 528 3077 558 3114; x_wconf 94' lang='lat' dir='ltr'>ut</span> <span class='ocrx_word' id='word_1_187' title='bbox 572 3061 665 3126; x_wconf 78' lang='lat' dir='ltr'>littus,</span> <span class='ocrx_word' id='word_1_188' title='bbox 682 3062 773 3131; x_wconf 77' lang='lat' dir='ltr'>Hyla,</span> <span class='ocrx_word' id='word_1_189' title='bbox 790 3063 861 3133; x_wconf 81' lang='lat' dir='ltr'>Hyla</span> <span class='ocrx_word' id='word_1_190' title='bbox 870 3080 952 3122; x_wconf 90' lang='lat' dir='ltr'>omne</span> <span class='ocrx_word' id='word_1_191' title='bbox 963 3069 1066 3122; x_wconf 85' lang='lat' dir='ltr'>sonaret.</span> 
     </span>
    </p>

    <p class='ocr_par' dir='ltr' id='par_1_12' title="bbox 1042 3165 1068 3216">
     <span class='ocr_line' id='line_1_29' title="bbox 1042 3165 1068 3216; baseline -0.115 0"><span class='ocrx_word' id='word_1_192' title='bbox 1042 3165 1068 3216; x_wconf 88' lang='lat' dir='ltr'>Et</span> 
     </span>
    </p>
   </div>
   <div class='ocr_carea' id='block_1_3' title="bbox 0 0 1268 3934">
    <p class='ocr_par' dir='ltr' id='par_1_13' title="bbox 0 0 1268 3934">
     <span class='ocr_line' id='line_1_30' title="bbox 0 0 1268 3934; baseline 0 3"><span class='ocrx_word' id='word_1_193' title='bbox 0 0 1268 3934; x_wconf 95' lang='lat' dir='ltr'> </span> 
     </span>
    </p>
   </div>
  </div>
 </body>
</html>
