2525 3934
343 383 425 462 266
537 374 892 460 AErvzmos

283 539 391 604 350Me
399 538 478 590 liceat
490 537 577 589 casum
588 536 708 589 miserari
718 536 841 591 insontis
853 537 945 594 amici.

337 635 381 687 Sic
390 635 458 687 fatus
470 649 573 705 tergum
584 633 686 687 Gaetuli
697 633 821 688 immane
832 635 924 688 leonis

337 733 393 782 Dat
401 730 490 795 Salio,
499 729 573 783 villis
584 729 731 783 onerosum
741 746 825 800 arque
835 732 968 804 unguibus
980 729 1062 784 aureis.

338 827 390 879 Hie
401 826 480 879 Nisus
492 846 500 878 :
513 827 541 879 Si
551 841 623 879 tanta
633 866 641 891 ‚
651 826 758 896 inquit,
769 829 835 881 sunt
849 830 958 899 premia
967 828 1055 890 vidis,

338 925 371 976 Et
380 939 407 977 te
417 926 553 995 lapsorum
564 924 671 978 miseret
685 944 693 985 ;
710 942 772 994 qua
784 943 904 980 munera
911 927 974 980 Niso
996 954 999 959 >

286 1038 334 1090 355
345 1021 435 1092 Digna
443 1024 532 1087 dabis,
544 1023 659 1092 primam
667 1023 757 1076 merui
770 1024 821 1093 qui
833 1027 915 1078 laude
927 1041 1056 1086 coronam,

339 1119 376 1170 Ni
387 1136 429 1171 me
440 1158 448 1182 ,
463 1137 521 1188 qua
531 1119 631 1173 Salium
642 1158 650 1182 ,
667 1120 777 1173 fortuna
786 1119 905 1175 inimica
916 1121 1032 1174 tuliffet?

339 1215 372 1265 Et
383 1214 459 1269 simul
470 1215 512 1268 his
524 1214 599 1268 dieis
609 1215 704 1269 faciem
715 1213 871 1270 ostentabat
881 1258 889 1282 ,
907 1219 936 1271 δι
945 1221 1000 1271 udo

340 1312 441 1382 Turpia
451 1314 568 1365 membra
577 1311 652 1365 fimo.
663 1310 731 1363 Rifit
739 1326 820 1380 pater
830 1313 958 1382 optimus
969 1314 1030 1372 ofli;

340 1408 373 1458 Et
383 1411 508 1479 clypeum
519 1407 607 1461 efferri
614 1406 684 1476 jussit
692 1446 700 1471 ,
709 1407 904 1478 Didymaonis
917 1426 1002 1476 artes,

286 1509 339 1575 360
345 1505 466 1573 Neptuni
478 1506 551 1559 sacro
560 1504 661 1559 Danais
671 1505 703 1557 de
714 1503 792 1573 poste
804 1504 939 1559 refixum.

339 1600 401 1654 Hoc
412 1601 539 1666 juvenem
554 1602 691 1674 egregium
705 1599 845 1669 prestanti
857 1619 974 1657 munere
984 1603 1052 1657 dom

376 1695 436 1750 Post
445 1698 490 1749 ubi
501 1699 617 1752 confeffl
626 1698 716 1751 cursus
727 1737 736 1762 ,
750 1698 777 1750 δι
786 1700 863 1751 dona
874 1700 983 1770 peregit
992 1719 999 1754 :

339 1796 434 1858 Nunc,
444 1793 463 1845 fi
472 1793 515 1846 eui
524 1793 611 1846 virtus
617 1773 628 1857 ,⁸
636 1793 794 1863 animusque
805 1794 837 1847 in
846 1795 962 1865 pedore
971 1794 1070 1866 prestun

340 1893 413 1947 Adfit
424 1932 432 1957 ‚
442 1894 469 1944 dt
479 1889 593 1946 evindiis
604 1891 709 1943 attollat
720 1890 829 1944 brachia
839 1895 955 1960 palmis.

289 2002 338 2065 365
349 1990 392 2042 Sic
404 1991 441 2042 ait
452 2029 460 2054 ‚
474 1989 501 2042 δι
512 1989 647 2060 geminum
658 2004 754 2058 pugna
763 1989 903 2058 proponit
913 1991 1046 2050 honorem,

343 2087 450 2139 Vidori
461 2089 580 2140 velatum
592 2103 656 2140 auro
667 2085 797 2155 vittisque
808 2085 982 2152 juvencum

341 2183 452 2246 Ensem‚
465 2199 544 2252 atque
554 2184 683 2254 insignem
695 2184 817 2252 galeam,
830 2182 933 2256 solatia
940 2182 1022 2236 vido.

342 2280 399 2330 Nec
409 2296 498 2343 mora,
509 2278 639 2333 continuo
650 2279 729 2332 vastis
742 2293 803 2330 cum
817 2278 928 2334 viribus
942 2280 1017 2334 effert

342 2377 399 2428 Ora
409 2379 512 2442 Dares,
530 2394 681 2448 magnoque
697 2377 786 2430 vii-dm
799 2376 827 2428 se
837 2393 981 2431 murmure
990 2376 1066 2430 tollis,
1093 2372 1095 2401 ¹

287 2497 338 2548 370
348 2476 425 2527 Solus
438 2474 483 2542 qui
493 2473 613 2525 Paridem
624 2473 717 2526 solitus
727 2473 894 2526 contendere
905 2491 1019 2534 eontra;
1092 2544 1095 2555 1

342 2574 467 2639 Idemque
474 2569 506 2621 ad
512 2571 654 2631 tumulum,
662 2585 716 2636 quo
723 2566 858 2621 maximus
865 2573 985 2624 occubat
992 2569 1082 2627 Hedon

342 2670 483 2722 Vidiorem
493 2667 578 2719 Buten
588 2665 699 2719 immani
711 2681 844 2732 corpore,
857 2668 910 2735 qui
920 2671 950 2723 se

343 2766 470 2834 Bebrycia
481 2765 594 2816 veniens
603 2761 691 2814 Amici
700 2762 732 2813 de
742 2775 821 2830 gente
830 2762 958 2832 ferebat,

343 2860 458 2914 Perculit
471 2898 479 2922 ,
496 2860 522 2911 δι
531 2858 605 2911 fulvi
615 2856 801 2909 moribundum
814 2862 947 2915 extendit
956 2865 1046 2920 areni.

290 2985 339 3040 375
350 2958 422 3014 Talis
436 2956 521 3026 prima
531 2958 617 3009 Dares
629 2959 709 3024 capu't
718 2956 803 3009 altum
813 2955 845 3008 in
855 2962 961 3025 proelia
970 2962 1044 3016 tollit

344 3054 518 3126 Ostenditque
529 3054 655 3109 humeros
665 3056 752 3118 latos,
767 3053 929 3127 alternaque
939 3057 1022 3126 jactat
