2525 3934
311 446 392 521 204
475 410 846 505 sAErvrrnoo

308 584 359 636 Sed
368 596 453 651 neque
462 582 521 635 vim
532 582 630 652 plumis
639 587 720 638 ullam
730 624 739 650 ‚
750 602 801 640 nec
808 588 927 640 viuum
937 600 1021 660 tergo
1047 583 1050 586 ’

307 679 448 748 Accipiunt
458 698 465 733 r
477 681 611 750 celerique
622 681 683 751 suga
691 682 738 734 sub
748 681 832 735 fidere
842 683 943 752 lapse,

307 777 439 831 Semefim
450 778 565 846 predam
575 779 603 830 δι
610 777 722 847 vestigia
732 778 804 831 foeda
814 779 984 850 relinquunt.

253 884 301 935 245
342 875 403 927 Una
414 873 443 925 in
453 874 575 942 praecelsa
584 874 704 927 consedit
713 890 780 942 rupe
791 877 926 941 Celaeno,

306 971 404 1024 Infelix
412 985 506 1034 vates,
523 972 648 1042 rupitque
659 974 726 1024 hauc
736 970 849 1039 pedore
859 990 977 1028 vocem:

306 1068 410 1122 Bellum
420 1070 502 1147 etiam
513 1085 563 1139 pro
575 1071 647 1122 cade
656 1068 738 1121 bourn
750 1067 891 1139 stratisque
902 1069 1027 1137 iuvencis,

307 1166 697 1231 Laomedontiad2‚be11umne
708 1165 806 1219 inferre
822 1169 946 1235 pararis,

306 1264 340 1315 Er
349 1264 436 1333 patrio
447 1264 566 1317 insontes
578 1263 711 1333 Harpyias
727 1265 828 1332 pellere
840 1267 947 1335 regno?

252 1362 431 1431 250Aocipite
441 1378 522 1432 ergo,
533 1361 629 1414 animis
640 1376 719 1430 atque
728 1361 785 1415 haee
794 1376 856 1414 mea
864 1360 939 1432 figite
948 1359 1029 1414 dida:

307 1458 375 1524 Quae
381 1460 483 1513 Phoebo
489 1460 566 1512 Pater
572 1457 824 1527 omnipotens,mihi
831 1458 1045 1526 PlroebusApollo

305 1553 432 1608 Praedixit
443 1595 451 1619 ,
462 1555 541 1609 vobis
551 1556 687 1608 Furiarum
696 1570 749 1624 ego
759 1553 879 1606 maxima
888 1555 984 1623 pando.

304 1650 408 1702 Italiam
417 1642 596 1720 cuffdzperiris
606 1691 614 1717 ,
626 1651 767 1720 ventisque
778 1650 888 1704 vocatis

304 1746 380 1799 Ibitis
389 1741 509 1810 ltaliain,
523 1748 668 1817 portusque
680 1748 778 1800 intrare
787 1747 890 1801 licebit.

251 1857 300 1911 ²55
311 1847 364 1899 Sed
373 1860 429 1898 non
440 1843 501 1897 anre
510 1846 596 1896 datam
605 1844 718 1914 cingetis
730 1845 865 1898 moenibus
875 1837 969 1898 urbem
979 1886 987 1910 ‚

305 1943 394 2011 Qudm
406 1956 457 1997 vos
467 1941 523 1994 dira
533 1941 632 2006 sama,
644 1942 792 2011 nostreque
803 1941 902 2008 injuria
912 1942 1006 2007 caedis,

253 2053 257 2060 ’
304 2042 429 2095 Ambesas
439 2041 540 2111 subigat
549 2041 626 2093 malis
637 2041 771 2093 absumere
781 2041 895 2095 mensas.

341 2139 439 2201 Dixit,
452 2138 517 2189 &in
527 2138 631 2207 sylvam
641 2137 736 2206 pennis
746 2139 829 2189 ablata
837 2137 945 2208 refulgit.

303 2236 339 2287 At
349 2235 427 2287 sociis
441 2235 524 2286 subiti
536 2237 637 2304 gelidus
648 2235 791 2287 formidine
800 2234 907 2304 sanguis

249 2325 302 2378 260
309 2331 429 2401 Diriguit
439 2350 446 2385 r
457 2332 573 2385 cecidere
587 2332 670 2383 animi
681 2348 689 2390 ⁴,
703 2348 751 2384 nec
760 2331 813 2397 jam
822 2333 937 2400 amplius
952 2333 1050 2396 armis,

304 2429 437 2490 Sedvotis
447 2428 618 2497 precibusque
627 2427 719 2493 jubent
727 2428 871 2496 exposcere
882 2446 977 2496 pacem
991 2449 998 2483 ι

303 2527 366 2579 Sive
377 2527 443 2579 Deae
453 2563 461 2589 ‚
472 2526 518 2578 seu
528 2525 577 2576 sint
588 2525 651 2576 dirae
662 2525 845 2592 obscoeneque
853 2526 994 2579 volucres.

301 2625 420 2693 Anpater
429 2621 554 2675 Anchises
565 2619 641 2689 paffis
647 2623 679 2672 de
687 2620 780 2673 littore
789 2619 885 2688 palmis

301 2723 418 2775 Numina
425 2737 520 2791 magna
525 2734 606 2772 vocat
613 2758 621 2783 ‚
628 2719 790 2788 meritosque
797 2718 891 2770 indicit
897 2719 1033 2771 honores:

247 2814 295 2878 265
305 2818 368 2882 Dii,
378 2818 518 2886 prohibete
525 2817 609 2869 ruinas
618 2835 627 2876 3
636 2815 700 2879 Dii,
712 2818 793 2868 talem
802 2816 917 2868 avertite
924 2817 1033 2880 casum,

300 2916 333 2967 Er
342 2913 437 2983 placidi
447 2913 548 2965 servare
558 2912 631 2980 pios.
641 2913 711 2964 Turn
720 2912 812 2964 littore
821 2912 917 2963 funem

299 3013 446 3081 Decipere,
457 3007 629 3078 excussosque
640 3007 712 3074 jubet
723 3011 810 3060 laxare
822 3009 959 3061 rudentes.

299 3104 422 3165 Tendunt
430 3110 491 3168 vela
499 3107 560 3164 nori
572 3125 579 3162 :
591 3106 708 3178 frigimus
717 3103 901 3175 sprunantibue
909 3105 1012 3171 undis,

245 3312 298 3480 ἱ
