2525 3934
431 404 683 492 Lrnnrr
739 403 776 492 I.
927 437 977 519 59

223 575 257 627 ln
268 573 339 627 liceo
353 574 450 627 ludunt
463 576 569 639 fulicae3
583 578 714 647 notasque
724 578 832 646 paludes

222 670 356 735 Deserit,
371 685 452 741 atque
466 673 546 725 altam
561 673 639 740 supra
654 675 731 726 volat
742 675 818 726 ardea
832 671 938 725 nubem.

262 769 342 836 Saepe
353 768 435 821 etiam
446 768 532 823 stellas
542 809 550 833 ,
560 784 646 822 vento
656 770 824 840 impendente
834 808 842 832 ,
854 767 957 823 videbis
979 760 1029 827 365

221 864 382 934 Pracipites
394 867 467 917 coelo
480 866 551 930 labi,
568 865 706 935 nonisque
716 882 764 935 per
774 867 893 919 umbram

223 963 406 1017 flammarum
418 965 517 1033 longos
529 978 544 1014 a
555 977 632 1032 tergo
644 963 771 1016 albescere
779 960 893 1016 mestus:

225 1060 305 1127 Saepe
319 1061 411 1112 levem
419 1062 540 1129 paleam,
557 1061 585 1113 ἃ
598 1061 706 1113 frondes
720 1060 835 1114 volitare
848 1061 975 1125 caducan

224 1157 282 1208 Aut
292 1156 394 1210 summa
403 1171 496 1210 nantes
507 1157 537 1209 in
547 1174 615 1226 aqua
623 1157 756 1210 colludere
766 1158 879 1225 plumas.

226 1253 659 1323 AtBoreaedepartetruciscdrm
671 1254 813 1317 fulminat,
831 1253 934 1307 &cnm
980 1258 1034 1313 370

228 1348 347 1418 Eurique
355 1349 520 1420 zephyrique
531 1366 608 1404 tonat
616 1353 712 1404 domus
722 1368 731 1412 3
741 1350 833 1403 omnia
841 1350 928 1418 plenis

226 1445 302 1497 Rura
312 1460 403 1499 natam
413 1444 504 1510 sodis,
520 1462 599 1516 atque
611 1447 700 1499 omnis
709 1445 801 1498 navita
809 1461 896 1514 ponto

227 1541 347 1594 Humida
355 1544 417 1594 vela
427 1541 501 1612 legit.
512 1543 664 1612 Numquam
675 1543 884 1612 imprudentibus
892 1544 977 1600 inber
1020 1576 1032 1601 ·.

228 1637 330 1691 obluit
341 1656 349 1690 ε
361 1653 405 1691 aut
419 1638 495 1693 illum
503 1639 655 1708 surgentem
664 1640 777 1694 vallibus
786 1640 848 1697 imis

230 1733 322 1787 Aeria
335 1733 425 1803 fugere
438 1751 534 1804 grues,
546 1749 591 1787 aut
601 1736 695 1790 bucula
704 1740 804 1792 coelunt
980 1748 1029 1803 375

229 1829 401 1900 Suspiciens‚
416 1830 513 1900 patulis
528 1832 645 1900 captavit
659 1835 763 1911 naribus
778 1853 874 1899 autur,

229 1930 285 1983 Aut
294 1942 385 1999 arguta
394 1930 465 1982 lacus
477 1927 705 1984 circumvolitabit
713 1931 848 1997 hirundo,

229 2026 263 2079 Et
273 2040 395 2079 veterem
405 2024 435 2077 in
443 2023 512 2078 limo
522 2041 591 2079 rana
600 2025 720 2080 cecinere
732 2031 876 2097 qtterelanr.

230 2122 335 2190 Saepius
345 2123 372 2175 δι
382 2121 459 2176 tediis
468 2124 645 2191 penetralibus
654 2123 753 2177 extulit
761 2141 815 2178 ova

231 2217 381 2289 Angustum
391 2219 501 2272 formica
516 2234 604 2273 terens
619 2220 691 2280 iter;
711 2222 738 2273 δι
752 2221 818 2275 bibit
829 2222 924 2295 ingens
984 2227 1037 2293 380

231 2317 319 2368 Arcus
332 2333 340 2374 3
353 2315 483 2383 &epastu
494 2318 621 2370 decedens
630 2317 736 2387 agmine
748 2335 846 2389 magno

231 2414 389 2469 Corvonun
403 2412 535 2481 increpuit
549 2412 634 2465 dentis
651 2412 785 2467 exercitus
799 2415 859 2470 alit.

232 2512 292 2566 Jam
300 2511 389 2565 varias
398 2511 486 2580 pelagi
493 2513 617 2564 volucres
630 2549 638 2574 ‚
655 2512 682 2563 δι
697 2528 757 2580 quie
765 2511 824 2565 Alia
832 2513 933 2567 circum

233 2611 365 2663 Dulcibus
374 2610 403 2663 in
412 2607 508 2678 stagnis
518 2608 647 2661 rimantur
657 2623 731 2677 prata
742 2607 864 2677 Caystri,

234 2707 364 2761 Certatim
374 2709 464 2775 largos
474 2703 591 2758 humeris
601 2704 739 2757 irffundere
751 2720 846 2770 rores,
983 2715 1034 2780 385

235 2805 313 2856 Nunc
321 2817 400 2871 caput
409 2799 640 2867 objectantem,
649 2816 720 2852 nunc
729 2817 832 2856 currere
840 2804 870 2858 in
879 2809 959 2861 midas
970 2847 981 2872 ,

234 2901 268 2952 Et
278 2899 363 2953 stuffio
376 2897 506 2952 incassiim
520 2897 611 2951 videas
623 2895 716 2968 gestire
727 2899 842 2956 lavandi.

236 2998 306 3048 Tum
315 2995 414 3050 cornix
422 2994 502 3063 plend
510 2994 630 3062 pluviam
639 3004 719 3049 vocat
731 2995 851 3065 improba
858 3015 946 3065 voce,

236 3094 269 3148 Et
280 3095 337 3149 sola
347 3094 380 3148 in
389 3093 456 3146 licta
467 3093 556 3146 secum
565 3092 690 3161 spatiatur
700 3109 788 3150 uena.

794 3188 866 3257 cvj
