2525 3934
297 414 353 510 90
419 397 935 511 ⁸Gaorrcrcorv'

296 561 329 611 Et
344 576 448 612 crurum
462 575 539 613 tenus
552 579 568 613 a
581 577 673 614 mento
688 563 801 633 palearia
815 565 953 631 pendent:

297 658 367 710 Tum
377 661 461 727 longo
470 662 556 711 nullus
565 659 641 711 lateri
650 661 744 711 modus
755 678 762 710 ε
773 660 864 710 omnia
873 675 987 728 magna,

245 766 274 821 55
296 754 345 808 Pes
357 756 455 819 etiam,
469 757 495 807 δι
504 758 616 808 camuris
625 757 701 808 hirtae
711 756 756 807 sub
768 757 892 807 cornibus
903 773 990 808 aures.

298 853 354 904 Nec
366 853 430 904 mihi
442 854 576 921 displiceat
587 855 695 906 maculis
708 854 815 922 insignis
831 855 858 905 δι
870 855 931 905 albo
942 893 950 916 ‚

298 949 352 1000 Aut
362 948 423 1017 juga
434 951 578 1002 detredians
589 990 596 1015 ‚
613 939 796 1019 interdumque
812 951 901 1018 aspera
912 966 1011 1011 cornu,

298 1045 332 1096 Et
340 1046 434 1097 faciem
445 1058 520 1098 tauro
531 1047 644 1114 propior
657 1065 664 1105 ·,
680 1064 790 1115 quaeque
800 1050 879 1099 ardua
891 1062 967 1110 tota,

299 1142 333 1192 Et
342 1143 460 1211 gradiens
468 1143 523 1221 ¹imi
531 1144 615 1196 verrit
623 1143 733 1213 vestigia
742 1144 831 1197 caudi.

245 1239 281 1292 60
300 1239 374 1291 AEtas
384 1241 509 1292 Lucinam
518 1240 649 1310 justosque
659 1242 714 1310 pati
726 1243 891 1311 Hymenaeos

301 1337 406 1390 Desinit
417 1352 477 1390 ante
487 1340 577 1390 decem
589 1378 596 1401 ,
612 1337 671 1405 post
683 1352 795 1406 quatuor
807 1336 901 1404 incipit
911 1353 993 1390 annos
1005 1353 1012 1389 τ

302 1437 397 1487 Cetera
408 1452 456 1488 nec
465 1436 568 1488 foentrae
576 1436 686 1498 habilis,
697 1451 745 1487 nec
754 1435 831 1486 fortis
843 1435 946 1487 aratris.

302 1531 405 1583 Interea
416 1532 518 1599 superat
530 1532 651 1601 gregibus
663 1533 725 1583 dum
736 1533 794 1582 laeta
803 1530 929 1596 juvennts
941 1572 949 1595 ,

303 1628 385 1678 Solve
397 1643 499 1689 mares,
516 1627 591 1680 mitte
603 1627 631 1679 in
643 1629 777 1680 Venerem
791 1628 914 1695 pecuaria
925 1629 1039 1696 primus,

247 1725 280 1793 65
302 1725 388 1793 Atque
400 1724 477 1776 aliam
487 1741 522 1776 ex
532 1725 583 1777 alia
594 1728 743 1795 generando
754 1726 840 1779 suffice
852 1728 966 1794 prolem.

305 1821 417 1890 Optima
427 1839 537 1891 quaeque
549 1824 603 1875 dies
617 1823 718 1876 miseris
730 1823 884 1875 mortalibus
894 1825 948 1876 aevi
1019 1825 1023 1833 '

304 1920 391 1973 Prima
401 1919 484 1990 sugiti
499 1920 609 1973 subeunt
620 1921 706 1972 morbi
717 1960 724 1984 ‚
738 1920 867 1988 tristisque
879 1920 1017 1986 senestus,

305 2019 338 2069 Et
346 2019 437 2082 labor,
458 2018 485 2068 ἃ
493 2019 562 2069 durae
573 2018 641 2085 rapit
650 2017 818 2069 inclementia
828 2017 934 2071 mortis.

306 2116 415 2184 Semper
427 2129 521 2178 erunt,
537 2131 647 2183 quarum
660 2114 755 2165 mutari
766 2129 881 2182 corpora
893 2115 979 2167 malis.

250 2229 286 2280 70
305 2215 415 2280 Semper
426 2212 497 2264 enim
509 2211 606 2265 refice:
623 2229 652 2264 ac
665 2252 673 2275 ‚
688 2229 722 2263 ne
733 2211 791 2279 poll
806 2210 896 2263 amissa
912 2211 1027 2281 requiras
1041 2250 1049 2280 ,

306 2310 456 2372 Anteveni,
471 2310 496 2361 ὅ(
508 2310 627 2362 sobolem
639 2325 759 2361 armento
772 2308 866 2360 sortire
878 2310 1031 2377 quotannis.

342 2409 464 2458 Necnon
477 2406 503 2457 &
518 2405 609 2473 pecori
621 2404 658 2456 est
669 2405 738 2456 idem
748 2404 862 2456 deledius
871 2407 982 2474 equino.

307 2505 350 2556 Tu
362 2502 443 2554 modi>
453 2543 460 2566 ‚
472 2518 539 2570 quos
552 2502 579 2552 in
592 2502 664 2568 spem
676 2500 769 2552 statues
781 2502 934 2554 submittere
946 2502 1048 2572 gentis,

308 2599 471 2668 Praecipuum
481 2600 534 2666 jam
544 2600 604 2650 inde
617 2617 630 2649 a
641 2598 737 2650 teneris
748 2600 869 2666 impende
880 2601 1010 2655 laborem.

252 2717 285 2770 75
310 2696 446 2750 Continui)
459 2696 562 2766 pecoris
573 2696 789 2768 generosr'pullus
802 2696 830 2748 in
841 2696 912 2749 arvis

309 2793 396 2847 Altius
410 2795 572 2864 ingreditur,
585 2796 612 2847 bc
622 2795 715 2847 mollia
725 2778 798 2845 crura
808 2792 924 2861 reponit.

310 2892 413 2945 Primus
426 2893 452 2943 δι
463 2892 501 2944 ire
510 2893 601 2955 viam,
621 2894 647 2945 δι
661 2892 760 2945 fluvios
772 2905 873 2944 tentare
885 2891 1002 2946 minaces

310 2992 396 3043 Audet
408 3029 415 3051 ,
429 2989 455 3041 δι
467 2989 560 3058 ignoto
571 2990 624 3041 sese
636 2989 801 3043 committere
813 2988 906 3057 ponti;

311 3089 367 3140 Nec
378 3102 462 3140 vanos
471 3085 561 3139 horret
570 3083 691 3156 strepitus
702 3105 709 3139 :
721 3085 762 3139 illi
773 3086 850 3151 ardua
860 3086 972 3151 cervix,
