<?xml version="1.0" encoding="UTF-8"?>
<!DOCTYPE html PUBLIC "-//W3C//DTD XHTML 1.0 Transitional//EN"
    "http://www.w3.org/TR/xhtml1/DTD/xhtml1-transitional.dtd">
<html xmlns="http://www.w3.org/1999/xhtml" xml:lang="en" lang="en">
 <head>
  <title>
</title>
<meta http-equiv="Content-Type" content="text/html;charset=utf-8" />
  <meta name='ocr-system' content='tesseract 3.04.00' />
  <meta name='ocr-capabilities' content='ocr_page ocr_carea ocr_par ocr_line ocrx_word'/>
</head>
<body>
  <div class='ocr_page' id='page_1' title='image "./publiivirgiliim01vegigoog/publiivirgiliim01vegigoog_0366.png"; bbox 0 0 2525 3934; ppageno 0'>
   <div class='ocr_carea' id='block_1_1' title="bbox 272 353 817 465">
    <p class='ocr_par' dir='ltr' id='par_1_1' title="bbox 272 353 817 465">
     <span class='ocr_line' id='line_1_1' title="bbox 272 353 817 465; baseline -0.009 -27"><span class='ocrx_word' id='word_1_1' title='bbox 272 383 354 465; x_wconf 85' lang='lat'>302</span> <span class='ocrx_word' id='word_1_2' title='bbox 468 353 817 437; x_wconf 74' lang='lat' dir='ltr'>AEurrnos</span> 
     </span>
    </p>
   </div>
   <div class='ocr_carea' id='block_1_2' title="bbox 202 521 1026 3122">
    <p class='ocr_par' dir='ltr' id='par_1_2' title="bbox 212 521 979 690">
     <span class='ocr_line' id='line_1_2' title="bbox 212 521 979 593; baseline 0.004 -22"><span class='ocrx_word' id='word_1_3' title='bbox 212 530 268 586; x_wconf 77' lang='lat'>350</span> <span class='ocrx_word' id='word_1_4' title='bbox 276 522 329 575; x_wconf 80' lang='lat' dir='ltr'>cni</span> <span class='ocrx_word' id='word_1_5' title='bbox 338 525 414 576; x_wconf 81' lang='lat' dir='ltr'>datus</span> <span class='ocrx_word' id='word_1_6' title='bbox 421 525 553 577; x_wconf 71' lang='lat' dir='ltr'>barcham</span> <span class='ocrx_word' id='word_1_7' title='bbox 561 521 650 577; x_wconf 82' lang='lat' dir='ltr'>custos</span> <span class='ocrx_word' id='word_1_8' title='bbox 661 561 670 587; x_wconf 83' lang='lat'>‚</span> <span class='ocrx_word' id='word_1_9' title='bbox 683 523 830 593; x_wconf 85' lang='lat' dir='ltr'>cursusque</span> <span class='ocrx_word' id='word_1_10' title='bbox 840 521 979 593; x_wconf 66' lang='lat' dir='ltr'>regebam</span> 
     </span>
     <span class='ocr_line' id='line_1_3' title="bbox 270 618 940 690; baseline 0 -18"><span class='ocrx_word' id='word_1_11' title='bbox 270 619 442 690; x_wconf 66' lang='lat' dir='ltr'>praecipitans</span> <span class='ocrx_word' id='word_1_12' title='bbox 453 621 522 674; x_wconf 83' lang='lat' dir='ltr'>traxi</span> <span class='ocrx_word' id='word_1_13' title='bbox 532 636 647 674; x_wconf 74' lang='lat' dir='ltr'>mentm.</span> <span class='ocrx_word' id='word_1_14' title='bbox 661 620 753 673; x_wconf 84' lang='lat' dir='ltr'>Maria</span> <span class='ocrx_word' id='word_1_15' title='bbox 762 620 854 688; x_wconf 80' lang='lat' dir='ltr'>aspera</span> <span class='ocrx_word' id='word_1_16' title='bbox 863 618 940 685; x_wconf 83' lang='lat' dir='ltr'>juro,</span> 
     </span>
    </p>

    <p class='ocr_par' dir='ltr' id='par_1_3' title="bbox 271 715 969 982">
     <span class='ocr_line' id='line_1_4' title="bbox 271 715 932 787; baseline -0.002 -18"><span class='ocrx_word' id='word_1_17' title='bbox 271 718 337 770; x_wconf 81' lang='lat' dir='ltr'>Non</span> <span class='ocrx_word' id='word_1_18' title='bbox 347 719 432 770; x_wconf 86' lang='lat' dir='ltr'>ullum</span> <span class='ocrx_word' id='word_1_19' title='bbox 443 734 494 787; x_wconf 88' lang='lat' dir='ltr'>pro</span> <span class='ocrx_word' id='word_1_20' title='bbox 503 733 546 769; x_wconf 85' lang='lat' dir='ltr'>me</span> <span class='ocrx_word' id='word_1_21' title='bbox 556 730 661 768; x_wconf 83' lang='lat' dir='ltr'>tantum</span> <span class='ocrx_word' id='word_1_22' title='bbox 672 715 774 785; x_wconf 80' lang='lat' dir='ltr'>cepiss‘e</span> <span class='ocrx_word' id='word_1_23' title='bbox 787 717 911 770; x_wconf 84' lang='lat' dir='ltr'>timorem</span> <span class='ocrx_word' id='word_1_24' title='bbox 923 754 932 779; x_wconf 82' lang='lat'>,</span> 
     </span>
     <span class='ocr_line' id='line_1_5' title="bbox 273 812 969 884; baseline 0.004 -19"><span class='ocrx_word' id='word_1_25' title='bbox 273 812 969 884; x_wconf 69' lang='lat' dir='ltr'>Quammmspolianarmis,excuffamgistro,</span> 
     </span>
     <span class='ocr_line' id='line_1_6' title="bbox 273 908 881 982; baseline 0.008 -20"><span class='ocrx_word' id='word_1_26' title='bbox 273 908 410 964; x_wconf 84' lang='lat' dir='ltr'>Deficerer</span> <span class='ocrx_word' id='word_1_27' title='bbox 420 910 501 964; x_wconf 84' lang='lat' dir='ltr'>tantis</span> <span class='ocrx_word' id='word_1_28' title='bbox 510 910 590 964; x_wconf 80' lang='lat' dir='ltr'>navis</span> <span class='ocrx_word' id='word_1_29' title='bbox 600 911 773 982; x_wconf 79' lang='lat' dir='ltr'>surgentibus</span> <span class='ocrx_word' id='word_1_30' title='bbox 786 913 881 968; x_wconf 78' lang='lat' dir='ltr'>undis.</span> 
     </span>
    </p>

    <p class='ocr_par' dir='ltr' id='par_1_4' title="bbox 220 1003 1018 1470">
     <span class='ocr_line' id='line_1_7' title="bbox 220 1003 1018 1083; baseline -0.003 -22"><span class='ocrx_word' id='word_1_31' title='bbox 220 1017 270 1073; x_wconf 74' lang='lat'>355</span> <span class='ocrx_word' id='word_1_32' title='bbox 279 1008 347 1061; x_wconf 85' lang='lat' dir='ltr'>Tres</span> <span class='ocrx_word' id='word_1_33' title='bbox 357 1009 446 1062; x_wconf 82' lang='lat' dir='ltr'>Notus</span> <span class='ocrx_word' id='word_1_34' title='bbox 457 1009 591 1078; x_wconf 79' lang='lat' dir='ltr'>hybernas</span> <span class='ocrx_word' id='word_1_35' title='bbox 603 1007 736 1073; x_wconf 77' lang='lat' dir='ltr'>immensa</span> <span class='ocrx_word' id='word_1_36' title='bbox 745 1025 796 1083; x_wconf 81' lang='lat' dir='ltr'>per</span> <span class='ocrx_word' id='word_1_37' title='bbox 805 1025 919 1080; x_wconf 79' lang='lat' dir='ltr'>aequora</span> <span class='ocrx_word' id='word_1_38' title='bbox 928 1003 1003 1060; x_wconf 72' lang='lat' dir='ltr'>nobes</span> <span class='ocrx_word' id='word_1_39' title='bbox 1015 1068 1018 1074; x_wconf 92' lang='lat'>.</span> 
     </span>
     <span class='ocr_line' id='line_1_8' title="bbox 276 1104 948 1178; baseline 0.003 -19"><span class='ocrx_word' id='word_1_40' title='bbox 276 1107 363 1160; x_wconf 82' lang='lat' dir='ltr'>Vexit</span> <span class='ocrx_word' id='word_1_41' title='bbox 371 1123 414 1160; x_wconf 87' lang='lat' dir='ltr'>me</span> <span class='ocrx_word' id='word_1_42' title='bbox 422 1107 559 1161; x_wconf 81' lang='lat' dir='ltr'>violennrs</span> <span class='ocrx_word' id='word_1_43' title='bbox 569 1104 637 1176; x_wconf 71' lang='lat' dir='ltr'>aqui</span> <span class='ocrx_word' id='word_1_44' title='bbox 648 1106 718 1159; x_wconf 85' lang='lat' dir='ltr'>:vix</span> <span class='ocrx_word' id='word_1_45' title='bbox 730 1107 840 1161; x_wconf 87' lang='lat' dir='ltr'>lumine</span> <span class='ocrx_word' id='word_1_46' title='bbox 853 1122 948 1178; x_wconf 84' lang='lat' dir='ltr'>quarto</span> 
     </span>
     <span class='ocr_line' id='line_1_9' title="bbox 274 1203 923 1273; baseline 0.002 -15"><span class='ocrx_word' id='word_1_47' title='bbox 274 1203 534 1273; x_wconf 61' lang='lat' dir='ltr'>prosperrimum,</span> <span class='ocrx_word' id='word_1_48' title='bbox 549 1203 651 1255; x_wconf 80' lang='lat' dir='ltr'>summa</span> <span class='ocrx_word' id='word_1_49' title='bbox 659 1203 785 1258; x_wconf 86' lang='lat' dir='ltr'>sublimis</span> <span class='ocrx_word' id='word_1_50' title='bbox 797 1207 833 1258; x_wconf 83' lang='lat' dir='ltr'>ab</span> <span class='ocrx_word' id='word_1_51' title='bbox 842 1207 923 1259; x_wconf 83' lang='lat' dir='ltr'>unda.</span> 
     </span>
     <span class='ocr_line' id='line_1_10' title="bbox 276 1299 975 1367; baseline 0.006 -15"><span class='ocrx_word' id='word_1_52' title='bbox 276 1299 975 1367; x_wconf 72' lang='lat' dir='ltr'>Paulatimadmbanterrae‚&amp;jamnrratenebm,</span> 
     </span>
     <span class='ocr_line' id='line_1_11' title="bbox 276 1398 950 1470; baseline 0.01 -23"><span class='ocrx_word' id='word_1_53' title='bbox 276 1399 388 1469; x_wconf 73' lang='lat' dir='ltr'>Nigrus</span> <span class='ocrx_word' id='word_1_54' title='bbox 396 1400 508 1453; x_wconf 82' lang='lat' dir='ltr'>crudelis</span> <span class='ocrx_word' id='word_1_55' title='bbox 518 1398 620 1454; x_wconf 72' lang='lat' dir='ltr'>madaba</span> <span class='ocrx_word' id='word_1_56' title='bbox 631 1414 693 1450; x_wconf 88' lang='lat' dir='ltr'>cum</span> <span class='ocrx_word' id='word_1_57' title='bbox 704 1398 781 1452; x_wconf 76' lang='lat' dir='ltr'>veste</span> <span class='ocrx_word' id='word_1_58' title='bbox 791 1416 950 1470; x_wconf 83' lang='lat' dir='ltr'>gravatum,</span> 
     </span>
    </p>

    <p class='ocr_par' dir='ltr' id='par_1_5' title="bbox 222 1488 1014 1855">
     <span class='ocr_line' id='line_1_12' title="bbox 222 1488 1014 1568; baseline 0.004 -22"><span class='ocrx_word' id='word_1_59' title='bbox 222 1488 504 1567; x_wconf 82' lang='lat' dir='ltr'>360Prensanremque</span> <span class='ocrx_word' id='word_1_60' title='bbox 512 1498 588 1551; x_wconf 83' lang='lat' dir='ltr'>uncis</span> <span class='ocrx_word' id='word_1_61' title='bbox 597 1497 719 1550; x_wconf 83' lang='lat' dir='ltr'>manibus</span> <span class='ocrx_word' id='word_1_62' title='bbox 730 1497 823 1566; x_wconf 82' lang='lat' dir='ltr'>capita</span> <span class='ocrx_word' id='word_1_63' title='bbox 832 1499 925 1568; x_wconf 85' lang='lat' dir='ltr'>aspera</span> <span class='ocrx_word' id='word_1_64' title='bbox 932 1489 1014 1549; x_wconf 72' lang='lat' dir='ltr'>montis</span> 
     </span>
     <span class='ocr_line' id='line_1_13' title="bbox 277 1590 943 1664; baseline 0.008 -21"><span class='ocrx_word' id='word_1_65' title='bbox 277 1590 359 1643; x_wconf 80' lang='lat' dir='ltr'>Ferro</span> <span class='ocrx_word' id='word_1_66' title='bbox 371 1593 504 1647; x_wconf 77' lang='lat' dir='ltr'>invufiffet</span> <span class='ocrx_word' id='word_1_67' title='bbox 514 1633 522 1658; x_wconf 86' lang='lat'>,</span> <span class='ocrx_word' id='word_1_68' title='bbox 533 1595 702 1663; x_wconf 67' lang='lat' dir='ltr'>predamque</span> <span class='ocrx_word' id='word_1_69' title='bbox 712 1593 810 1663; x_wconf 79' lang='lat' dir='ltr'>ignara</span> <span class='ocrx_word' id='word_1_70' title='bbox 820 1593 943 1664; x_wconf 82' lang='lat' dir='ltr'>putaffet.</span> 
     </span>
     <span class='ocr_line' id='line_1_14' title="bbox 277 1683 1014 1760; baseline 0 -17"><span class='ocrx_word' id='word_1_71' title='bbox 277 1689 355 1743; x_wconf 82' lang='lat' dir='ltr'>Nunc</span> <span class='ocrx_word' id='word_1_72' title='bbox 364 1704 408 1742; x_wconf 86' lang='lat' dir='ltr'>me</span> <span class='ocrx_word' id='word_1_73' title='bbox 419 1689 515 1742; x_wconf 55' lang='lat' dir='ltr'>fluetus</span> <span class='ocrx_word' id='word_1_74' title='bbox 524 1691 602 1742; x_wconf 84' lang='lat' dir='ltr'>babet</span> <span class='ocrx_word' id='word_1_75' title='bbox 611 1729 620 1753; x_wconf 84' lang='lat'>‚</span> <span class='ocrx_word' id='word_1_76' title='bbox 629 1689 796 1760; x_wconf 83' lang='lat' dir='ltr'>versantque</span> <span class='ocrx_word' id='word_1_77' title='bbox 807 1691 839 1744; x_wconf 88' lang='lat' dir='ltr'>in</span> <span class='ocrx_word' id='word_1_78' title='bbox 848 1693 940 1746; x_wconf 87' lang='lat' dir='ltr'>littore</span> <span class='ocrx_word' id='word_1_79' title='bbox 947 1683 1014 1744; x_wconf 72' lang='lat' dir='ltr'>vent&#39;a</span> 
     </span>
     <span class='ocr_line' id='line_1_15' title="bbox 278 1783 924 1855; baseline 0.008 -17"><span class='ocrx_word' id='word_1_80' title='bbox 278 1785 362 1852; x_wconf 78' lang='lat' dir='ltr'>Quod</span> <span class='ocrx_word' id='word_1_81' title='bbox 369 1798 397 1839; x_wconf 86' lang='lat' dir='ltr'>te</span> <span class='ocrx_word' id='word_1_82' title='bbox 405 1801 453 1855; x_wconf 85' lang='lat' dir='ltr'>per</span> <span class='ocrx_word' id='word_1_83' title='bbox 461 1784 524 1839; x_wconf 88' lang='lat' dir='ltr'>coeli</span> <span class='ocrx_word' id='word_1_84' title='bbox 532 1783 678 1849; x_wconf 86' lang='lat' dir='ltr'>jucundum</span> <span class='ocrx_word' id='word_1_85' title='bbox 686 1787 783 1839; x_wconf 89' lang='lat' dir='ltr'>lumen</span> <span class='ocrx_word' id='word_1_86' title='bbox 794 1789 824 1841; x_wconf 75' lang='grc' dir='ltr'>δι</span> <span class='ocrx_word' id='word_1_87' title='bbox 836 1807 924 1853; x_wconf 83' lang='lat' dir='ltr'>auras,</span> 
     </span>
    </p>

    <p class='ocr_par' dir='ltr' id='par_1_6' title="bbox 279 1882 932 1954">
     <span class='ocr_line' id='line_1_16' title="bbox 279 1882 932 1954; baseline 0.003 -18"><span class='ocrx_word' id='word_1_88' title='bbox 279 1882 330 1937; x_wconf 87' lang='lat' dir='ltr'>Per</span> <span class='ocrx_word' id='word_1_89' title='bbox 341 1885 490 1954; x_wconf 82' lang='lat' dir='ltr'>genitorem</span> <span class='ocrx_word' id='word_1_90' title='bbox 499 1899 565 1947; x_wconf 84' lang='lat' dir='ltr'>oro,</span> <span class='ocrx_word' id='word_1_91' title='bbox 576 1898 624 1952; x_wconf 84' lang='lat' dir='ltr'>per</span> <span class='ocrx_word' id='word_1_92' title='bbox 635 1883 711 1951; x_wconf 88' lang='lat' dir='ltr'>spem</span> <span class='ocrx_word' id='word_1_93' title='bbox 721 1885 863 1954; x_wconf 81' lang='lat' dir='ltr'>surgentis</span> <span class='ocrx_word' id='word_1_94' title='bbox 873 1885 932 1947; x_wconf 75' lang='lat' dir='ltr'>bili,</span> 
     </span>
    </p>

    <p class='ocr_par' dir='ltr' id='par_1_7' title="bbox 224 1980 1020 2150">
     <span class='ocr_line' id='line_1_17' title="bbox 224 1980 1018 2051; baseline 0.003 -18"><span class='ocrx_word' id='word_1_95' title='bbox 224 1980 273 2047; x_wconf 79' lang='lat'>365</span> <span class='ocrx_word' id='word_1_96' title='bbox 284 1983 362 2051; x_wconf 80' lang='lat' dir='ltr'>Eripe</span> <span class='ocrx_word' id='word_1_97' title='bbox 374 2001 417 2037; x_wconf 80' lang='lat' dir='ltr'>me</span> <span class='ocrx_word' id='word_1_98' title='bbox 426 1983 487 2046; x_wconf 83' lang='lat' dir='ltr'>his,</span> <span class='ocrx_word' id='word_1_99' title='bbox 505 1980 604 2034; x_wconf 67' lang='lat' dir='ltr'>invidie</span> <span class='ocrx_word' id='word_1_100' title='bbox 618 2021 626 2045; x_wconf 88' lang='lat'>‚</span> <span class='ocrx_word' id='word_1_101' title='bbox 644 1980 722 2033; x_wconf 88' lang='lat' dir='ltr'>malis</span> <span class='ocrx_word' id='word_1_102' title='bbox 737 2000 743 2033; x_wconf 75' lang='grc' dir='ltr'><strong><em>ε</em></strong></span> <span class='ocrx_word' id='word_1_103' title='bbox 756 1998 806 2035; x_wconf 87' lang='lat' dir='ltr'>aut</span> <span class='ocrx_word' id='word_1_104' title='bbox 817 2000 850 2037; x_wconf 85' lang='lat' dir='ltr'>ru</span> <span class='ocrx_word' id='word_1_105' title='bbox 861 1983 1018 2037; x_wconf 75' lang='lat' dir='ltr'>mihiterram</span> 
     </span>
     <span class='ocr_line' id='line_1_18' title="bbox 280 2078 1020 2150; baseline -0.005 -18"><span class='ocrx_word' id='word_1_106' title='bbox 280 2079 378 2145; x_wconf 83' lang='lat' dir='ltr'>Injice,</span> <span class='ocrx_word' id='word_1_107' title='bbox 391 2097 504 2149; x_wconf 87' lang='lat' dir='ltr'>namque</span> <span class='ocrx_word' id='word_1_108' title='bbox 519 2095 596 2149; x_wconf 86' lang='lat' dir='ltr'>potes</span> <span class='ocrx_word' id='word_1_109' title='bbox 607 2118 614 2142; x_wconf 88' lang='lat'>‚</span> <span class='ocrx_word' id='word_1_110' title='bbox 625 2078 772 2147; x_wconf 72' lang='lat' dir='ltr'>portusque</span> <span class='ocrx_word' id='word_1_111' title='bbox 783 2083 897 2150; x_wconf 82' lang='lat' dir='ltr'>require</span> <span class='ocrx_word' id='word_1_112' title='bbox 907 2081 1020 2134; x_wconf 86' lang='lat' dir='ltr'>Velinos:</span> 
     </span>
    </p>

    <p class='ocr_par' dir='ltr' id='par_1_8' title="bbox 236 2175 1024 2440">
     <span class='ocr_line' id='line_1_19' title="bbox 236 2175 1010 2244; baseline 0.003 -20"><span class='ocrx_word' id='word_1_113' title='bbox 236 2204 238 2209; x_wconf 94' lang='lat'>·</span> <span class='ocrx_word' id='word_1_114' title='bbox 279 2176 334 2225; x_wconf 76' lang='lat' dir='ltr'>Aut</span> <span class='ocrx_word' id='word_1_115' title='bbox 346 2190 375 2225; x_wconf 86' lang='lat' dir='ltr'>tu</span> <span class='ocrx_word' id='word_1_116' title='bbox 386 2213 394 2237; x_wconf 83' lang='lat'><strong>‚</strong></span> <span class='ocrx_word' id='word_1_117' title='bbox 407 2178 425 2227; x_wconf 80' lang='lat' dir='ltr'>fi</span> <span class='ocrx_word' id='word_1_118' title='bbox 437 2195 489 2244; x_wconf 86' lang='lat' dir='ltr'>qua</span> <span class='ocrx_word' id='word_1_119' title='bbox 501 2179 546 2229; x_wconf 81' lang='lat' dir='ltr'>via</span> <span class='ocrx_word' id='word_1_120' title='bbox 557 2177 593 2231; x_wconf 82' lang='lat' dir='ltr'>est</span> <span class='ocrx_word' id='word_1_121' title='bbox 604 2216 612 2240; x_wconf 84' lang='lat'>‚</span> <span class='ocrx_word' id='word_1_122' title='bbox 629 2176 648 2227; x_wconf 83' lang='lat' dir='ltr'>fi</span> <span class='ocrx_word' id='word_1_123' title='bbox 661 2191 740 2244; x_wconf 84' lang='lat' dir='ltr'>quam</span> <span class='ocrx_word' id='word_1_124' title='bbox 749 2175 802 2228; x_wconf 89' lang='lat' dir='ltr'>tibi</span> <span class='ocrx_word' id='word_1_125' title='bbox 816 2179 895 2230; x_wconf 83' lang='lat' dir='ltr'>Diva</span> <span class='ocrx_word' id='word_1_126' title='bbox 908 2176 1010 2232; x_wconf 79' lang='lat' dir='ltr'>creatrix</span> 
     </span>
     <span class='ocr_line' id='line_1_20' title="bbox 280 2269 1022 2340; baseline 0.007 -18"><span class='ocrx_word' id='word_1_127' title='bbox 280 2269 403 2322; x_wconf 76' lang='lat' dir='ltr'>Ostendit</span> <span class='ocrx_word' id='word_1_128' title='bbox 415 2270 426 2335; x_wconf 92' lang='lat'>(</span> <span class='ocrx_word' id='word_1_129' title='bbox 437 2274 620 2340; x_wconf 79' lang='lat' dir='ltr'>nequeenim,</span> <span class='ocrx_word' id='word_1_130' title='bbox 631 2274 727 2335; x_wconf 86' lang='lat' dir='ltr'>credo,</span> <span class='ocrx_word' id='word_1_131' title='bbox 737 2272 794 2324; x_wconf 85' lang='lat' dir='ltr'>fine</span> <span class='ocrx_word' id='word_1_132' title='bbox 805 2276 926 2329; x_wconf 89' lang='lat' dir='ltr'>numine</span> <span class='ocrx_word' id='word_1_133' title='bbox 937 2275 1022 2328; x_wconf 79' lang='lat' dir='ltr'>Divbn</span> 
     </span>
     <span class='ocr_line' id='line_1_21' title="bbox 280 2369 1024 2440; baseline 0.005 -20"><span class='ocrx_word' id='word_1_134' title='bbox 280 2369 402 2421; x_wconf 85' lang='lat' dir='ltr'>Flumina</span> <span class='ocrx_word' id='word_1_135' title='bbox 412 2385 485 2422; x_wconf 83' lang='lat' dir='ltr'>tanta</span> <span class='ocrx_word' id='word_1_136' title='bbox 494 2387 583 2438; x_wconf 84' lang='lat' dir='ltr'>paras,</span> <span class='ocrx_word' id='word_1_137' title='bbox 593 2369 768 2438; x_wconf 82' lang='lat' dir='ltr'>Stygiamque</span> <span class='ocrx_word' id='word_1_138' title='bbox 779 2369 880 2423; x_wconf 88' lang='lat' dir='ltr'>innare</span> <span class='ocrx_word' id='word_1_139' title='bbox 893 2372 1024 2440; x_wconf 81' lang='lat' dir='ltr'>paludem)</span> 
     </span>
    </p>

    <p class='ocr_par' dir='ltr' id='par_1_9' title="bbox 227 2467 1017 2728">
     <span class='ocr_line' id='line_1_22' title="bbox 227 2467 1017 2536; baseline 0 -16"><span class='ocrx_word' id='word_1_140' title='bbox 227 2482 279 2536; x_wconf 85' lang='lat'>370</span> <span class='ocrx_word' id='word_1_141' title='bbox 286 2468 328 2520; x_wconf 90' lang='lat' dir='ltr'>Da</span> <span class='ocrx_word' id='word_1_142' title='bbox 337 2469 457 2519; x_wconf 84' lang='lat' dir='ltr'>dextram</span> <span class='ocrx_word' id='word_1_143' title='bbox 467 2468 580 2529; x_wconf 85' lang='lat' dir='ltr'>misero,</span> <span class='ocrx_word' id='word_1_144' title='bbox 591 2467 617 2516; x_wconf 79' lang='grc' dir='ltr'>δι</span> <span class='ocrx_word' id='word_1_145' title='bbox 627 2480 715 2518; x_wconf 88' lang='lat' dir='ltr'>tecum</span> <span class='ocrx_word' id='word_1_146' title='bbox 725 2482 769 2519; x_wconf 87' lang='lat' dir='ltr'>me</span> <span class='ocrx_word' id='word_1_147' title='bbox 779 2469 851 2520; x_wconf 87' lang='lat' dir='ltr'>tolle</span> <span class='ocrx_word' id='word_1_148' title='bbox 863 2486 917 2536; x_wconf 88' lang='lat' dir='ltr'>per</span> <span class='ocrx_word' id='word_1_149' title='bbox 928 2473 1017 2529; x_wconf 84' lang='lat' dir='ltr'>undas,</span> 
     </span>
     <span class='ocr_line' id='line_1_23' title="bbox 282 2562 959 2633; baseline 0.007 -15"><span class='ocrx_word' id='word_1_150' title='bbox 282 2567 391 2619; x_wconf 88' lang='lat' dir='ltr'>Sedibus</span> <span class='ocrx_word' id='word_1_151' title='bbox 401 2580 430 2618; x_wconf 91' lang='lat' dir='ltr'>ut</span> <span class='ocrx_word' id='word_1_152' title='bbox 441 2565 532 2617; x_wconf 84' lang='lat' dir='ltr'>saltem</span> <span class='ocrx_word' id='word_1_153' title='bbox 543 2562 652 2630; x_wconf 86' lang='lat' dir='ltr'>placidis</span> <span class='ocrx_word' id='word_1_154' title='bbox 663 2563 693 2614; x_wconf 86' lang='lat' dir='ltr'>in</span> <span class='ocrx_word' id='word_1_155' title='bbox 702 2577 792 2615; x_wconf 86' lang='lat' dir='ltr'>morte</span> <span class='ocrx_word' id='word_1_156' title='bbox 803 2566 959 2633; x_wconf 87' lang='lat' dir='ltr'>quiescam.</span> 
     </span>
     <span class='ocr_line' id='line_1_24' title="bbox 282 2661 869 2728; baseline 0.003 -14"><span class='ocrx_word' id='word_1_157' title='bbox 282 2663 357 2715; x_wconf 83' lang='lat' dir='ltr'>Talia</span> <span class='ocrx_word' id='word_1_158' title='bbox 366 2664 434 2715; x_wconf 81' lang='lat' dir='ltr'>fatus</span> <span class='ocrx_word' id='word_1_159' title='bbox 444 2678 501 2715; x_wconf 86' lang='lat' dir='ltr'>erar</span> <span class='ocrx_word' id='word_1_160' title='bbox 511 2701 518 2725; x_wconf 85' lang='grc'><em>,</em></span> <span class='ocrx_word' id='word_1_161' title='bbox 530 2662 614 2728; x_wconf 79' lang='lat' dir='ltr'>caepit</span> <span class='ocrx_word' id='word_1_162' title='bbox 625 2661 685 2713; x_wconf 85' lang='lat' dir='ltr'>cdm</span> <span class='ocrx_word' id='word_1_163' title='bbox 698 2661 761 2713; x_wconf 83' lang='lat' dir='ltr'>talia</span> <span class='ocrx_word' id='word_1_164' title='bbox 771 2677 869 2716; x_wconf 78' lang='lat' dir='ltr'>vates:</span> 
     </span>
    </p>

    <p class='ocr_par' dir='ltr' id='par_1_10' title="bbox 282 2756 1026 2926">
     <span class='ocr_line' id='line_1_25' title="bbox 282 2756 968 2830; baseline 0.009 -20"><span class='ocrx_word' id='word_1_165' title='bbox 282 2760 360 2811; x_wconf 86' lang='lat' dir='ltr'>Unde</span> <span class='ocrx_word' id='word_1_166' title='bbox 371 2762 442 2823; x_wconf 81' lang='lat' dir='ltr'>haec,</span> <span class='ocrx_word' id='word_1_167' title='bbox 455 2759 473 2812; x_wconf 84' lang='grc' dir='ltr'><strong>ὀ</strong></span> <span class='ocrx_word' id='word_1_168' title='bbox 484 2759 605 2811; x_wconf 85' lang='lat' dir='ltr'>Palinure</span> <span class='ocrx_word' id='word_1_169' title='bbox 619 2761 625 2810; x_wconf 91' lang='lat'>!</span> <span class='ocrx_word' id='word_1_170' title='bbox 639 2756 687 2807; x_wconf 89' lang='lat' dir='ltr'>tibi</span> <span class='ocrx_word' id='word_1_171' title='bbox 700 2772 754 2808; x_wconf 83' lang='lat' dir='ltr'>tarn</span> <span class='ocrx_word' id='word_1_172' title='bbox 766 2757 824 2810; x_wconf 89' lang='lat' dir='ltr'>dira</span> <span class='ocrx_word' id='word_1_173' title='bbox 834 2762 968 2830; x_wconf 81' lang='lat' dir='ltr'>cupido?</span> 
     </span>
     <span class='ocr_line' id='line_1_26' title="bbox 283 2855 1026 2926; baseline 0.013 -19"><span class='ocrx_word' id='word_1_174' title='bbox 283 2857 326 2908; x_wconf 88' lang='lat' dir='ltr'>Tu</span> <span class='ocrx_word' id='word_1_175' title='bbox 337 2855 444 2925; x_wconf 80' lang='lat' dir='ltr'>Stygias</span> <span class='ocrx_word' id='word_1_176' title='bbox 454 2857 605 2908; x_wconf 83' lang='lat' dir='ltr'>inhumatus</span> <span class='ocrx_word' id='word_1_177' title='bbox 615 2869 710 2922; x_wconf 82' lang='lat' dir='ltr'>aquas,</span> <span class='ocrx_word' id='word_1_178' title='bbox 724 2870 894 2926; x_wconf 86' lang='lat' dir='ltr'>amnemque</span> <span class='ocrx_word' id='word_1_179' title='bbox 907 2863 1026 2925; x_wconf 78' lang='lat' dir='ltr'>severum</span> 
     </span>
    </p>

    <p class='ocr_par' dir='ltr' id='par_1_11' title="bbox 231 2948 983 3026">
     <span class='ocr_line' id='line_1_27' title="bbox 231 2948 983 3026; baseline 0.013 -21"><span class='ocrx_word' id='word_1_180' title='bbox 231 2972 279 3026; x_wconf 78' lang='lat'>375</span> <span class='ocrx_word' id='word_1_181' title='bbox 289 2951 463 3005; x_wconf 86' lang='lat' dir='ltr'>Eumenidum</span> <span class='ocrx_word' id='word_1_182' title='bbox 473 2952 583 3019; x_wconf 88' lang='lat' dir='ltr'>aspicies</span> <span class='ocrx_word' id='word_1_183' title='bbox 595 2954 605 3004; x_wconf 72' lang='grc' dir='ltr'><strong><em>ἓ</em></strong></span> <span class='ocrx_word' id='word_1_184' title='bbox 615 2950 735 3019; x_wconf 85' lang='lat' dir='ltr'>ripamve</span> <span class='ocrx_word' id='word_1_185' title='bbox 745 2948 860 3014; x_wconf 77' lang='lat' dir='ltr'>injussus</span> <span class='ocrx_word' id='word_1_186' title='bbox 871 2959 983 3018; x_wconf 79' lang='lat' dir='ltr'>abibis?</span> 
     </span>
    </p>

    <p class='ocr_par' dir='ltr' id='par_1_12' title="bbox 202 3049 908 3122">
     <span class='ocr_line' id='line_1_28' title="bbox 202 3049 908 3122; baseline 0.007 -18"><span class='ocrx_word' id='word_1_187' title='bbox 202 3110 208 3122; x_wconf 49' lang='lat'>‚</span> <span class='ocrx_word' id='word_1_188' title='bbox 286 3051 383 3106; x_wconf 67' lang='lat' dir='ltr'>Desine</span> <span class='ocrx_word' id='word_1_189' title='bbox 394 3052 446 3107; x_wconf 80' lang='lat' dir='ltr'>fata</span> <span class='ocrx_word' id='word_1_190' title='bbox 458 3050 547 3104; x_wconf 78' lang='lat' dir='ltr'>Dedm</span> <span class='ocrx_word' id='word_1_191' title='bbox 559 3049 629 3104; x_wconf 62' lang='lat' dir='ltr'>flecti</span> <span class='ocrx_word' id='word_1_192' title='bbox 641 3049 743 3118; x_wconf 87' lang='lat' dir='ltr'>sperare</span> <span class='ocrx_word' id='word_1_193' title='bbox 753 3055 908 3116; x_wconf 82' lang='lat' dir='ltr'>precando.</span> 
     </span>
    </p>
   </div>
   <div class='ocr_carea' id='block_1_3' title="bbox 0 0 1268 3934">
    <p class='ocr_par' dir='ltr' id='par_1_13' title="bbox 0 0 1268 3934">
     <span class='ocr_line' id='line_1_29' title="bbox 0 0 1268 3934; baseline 0 0"><span class='ocrx_word' id='word_1_194' title='bbox 0 0 1268 3934; x_wconf 95' lang='lat' dir='ltr'> </span> 
     </span>
    </p>
   </div>
  </div>
 </body>
</html>
