2525 3934
305 427 379 524 84
437 421 894 509 'Groncrcou
989 471 991 475 ·

306 586 380 653 Quid
394 589 496 642 ranrdm
511 589 621 642 Oceano
632 607 776 658 properent
785 592 811 645 se
820 591 923 662 tingere
932 591 1012 645 Soles

303 684 443 752 hyberni,
455 689 500 738 vel
513 705 570 755 quae
581 688 662 739 tardis
673 705 749 740 mora
759 688 881 741 noffibus
891 687 993 742 obsten

302 781 367 843 Sin,
383 782 473 835 hasne
483 782 577 850 poffim
586 799 685 837 naturae
694 788 815 838 accedere
826 799 933 853 partes,

302 876 422 946 Frigidus
438 879 566 932 obstiterit
579 881 679 933 circum
688 880 832 949 precordia
841 880 966 950 sanguin,

245 978 296 1042 485
306 973 377 1024 Ruta
386 975 470 1039 mihi,
489 977 593 1046 &rigui
608 981 727 1046 placeant
738 979 767 1031 in
775 978 888 1030 vallibus
900 994 990 1032 amnes
1001 995 1009 1047 ς

306 1071 427 1122 Flumina
436 1089 536 1136 amem,
548 1074 687 1142 sylvasque
700 1074 841 1142 inglorius.
854 1074 880 1126 0
890 1075 936 1127 ubi
945 1071 1043 1146 campi,

302 1149 512 1237 Sperchiusque,
528 1170 554 1221 &
568 1170 716 1240 virginibus
725 1173 847 1224 bacchata
856 1171 977 1232 Lacaenis

301 1264 422 1335 Taygeta
435 1271 441 1320 !
455 1266 529 1335 tiqui
541 1284 583 1319 me
595 1268 690 1336 gelidis
702 1266 731 1320 in
741 1268 854 1320 vallibus
866 1267 957 1320 Haemi
1004 1255 1005 1258 Ἴ

301 1360 395 1426 Sistat,
412 1364 438 1415 δι
447 1363 548 1432 ingenti
560 1380 693 1415 ramorum
703 1378 824 1432 protegar
833 1363 925 1415 umbri
937 1368 944 1417 l

245 1467 300 1519 490
337 1458 431 1523 Felix,
447 1461 493 1529 qui
503 1459 591 1527 potuit
601 1477 689 1512 rerum
700 1460 858 1529 cognoscere
869 1460 973 1524 causas,

305 1555 393 1623 Atque
403 1555 593 1608 metus'omnes
604 1555 804 1609 &inexorabile
816 1558 900 1609 fatum

299 1652 415 1718 subjecit
429 1652 556 1720 pedibus,
574 1652 763 1722 strepitumque
777 1654 938 1706 Acherontis
953 1652 1046 1708 avari!

298 1751 456 1802 Fortunatus
468 1750 494 1800 δι
504 1748 567 1812 ille,
583 1751 658 1802 Deos
674 1750 720 1818 qui
736 1750 815 1810 novit
826 1749 958 1819 agrestes,

298 1845 429 1916 Panaque,
437 1848 638 1916 Sylvanumque
645 1846 743 1910 senem,
749 1847 940 1916 Nymphasque
946 1845 1068 1901 sorores!

241 1955 292 2007 495
301 1944 379 1994 lllum
396 1960 451 1996 non
461 1943 556 2013 populi
564 1943 662 2007 fasces,
682 1961 737 1997 non
747 1960 862 2012 purpura
871 1960 965 2013 regum
1070 1982 1071 1985 ,

219 2023 222 2028 ’
304 2042 391 2092 flexit
401 2080 408 2104 ‚
426 2040 558 2093 &infidos
573 2041 676 2111 agitans
687 2041 813 2095 discordia
823 2041 915 2093 fratres
927 2079 937 2106 ,

215 2121 219 2128 ³
298 2137 352 2187 Aut
363 2136 501 2201 conjurato
513 2136 671 2189 descendens
682 2138 770 2188 Dacus
781 2137 811 2187 ab
821 2135 907 2196 lllt03

296 2235 361 2285 Non
372 2250 413 2285 tes
425 2234 571 2295 Romane,
586 2232 754 2301 perituraque
766 2249 861 2301 regna:
876 2250 962 2303 neque
975 2234 1025 2289 ille-

297 2331 350 2382 Aut
359 2328 444 2381 doluit
454 2328 579 2380 miserans
591 2329 719 2397 inopem,
736 2343 779 2380 aut
795 2329 892 2382 invidit
907 2331 1030 2387 habenti.

242 2441 293 2492 500
300 2428 377 2492 Quos
388 2426 454 2479 rami
463 2425 560 2491 fructus
571 2465 578 2489 ‚
598 2443 665 2495 quos
679 2426 733 2494 ipsa
741 2426 861 2479 volentia
873 2444 933 2480 rura

302 2515 403 2590 Sponte
415 2524 498 2575 tulere
508 2520 572 2586 sual,
588 2522 699 2590 carpsrt3
715 2538 764 2572 nec
776 2522 860 2574 ferrea
868 2520 943 2586 jura,

294 2618 469 2688 Insanumque
478 2620 566 2672 sorum
577 2658 587 2683 ‚
601 2634 646 2673 aut
660 2618 753 2687 populi
764 2618 888 2673 tabularia
898 2619 982 2675 vidit.

332 2715 480 2767 Sollicitant
495 2715 541 2769 alii
556 2715 636 2768 remis
648 2716 713 2769 sreta
724 2731 809 2778 caeca,
825 2730 957 2786 ruuntque

294 2812 436 2866 Insertum
451 2853 461 2877 ,
479 2828 618 2881 penetrant
633 2816 704 2865 aulas
718 2815 745 2865 ἃ
759 2810 852 2864 limina
862 2830 966 2882 regum.

241 2924 288 2976 505
299 2910 350 2963 llic
359 2909 426 2979 perir
438 2909 548 2962 excidiis
561 2912 670 2973 urbem,
688 2909 848 2978 miserosque
860 2909 971 2965 Penates
981 2951 993 2979 ,

301 3008 339 3062 Ut
348 3005 452 3080 gemma
462 3005 550 3071 bibat,
564 3007 590 3060 δι
599 3006 711 3060 Sarrano
722 3005 835 3063 dormiat
846 3004 928 3066 ostro.
1023 3054 1025 3057 ,
1050 3009 1054 3017 ’
