<?xml version="1.0" encoding="UTF-8"?>
<!DOCTYPE html PUBLIC "-//W3C//DTD XHTML 1.0 Transitional//EN"
    "http://www.w3.org/TR/xhtml1/DTD/xhtml1-transitional.dtd">
<html xmlns="http://www.w3.org/1999/xhtml" xml:lang="en" lang="en">
 <head>
  <title>
</title>
<meta http-equiv="Content-Type" content="text/html;charset=utf-8" />
  <meta name='ocr-system' content='tesseract 3.04.00' />
  <meta name='ocr-capabilities' content='ocr_page ocr_carea ocr_par ocr_line ocrx_word'/>
</head>
<body>
  <div class='ocr_page' id='page_1' title='image "./publiivirgiliim01vegigoog_0298.png"; bbox 0 0 2525 3934; ppageno 0'>
   <div class='ocr_carea' id='block_1_1' title="bbox 297 338 836 447">
    <p class='ocr_par' dir='ltr' id='par_1_1' title="bbox 297 338 836 447">
     <span class='ocr_line' id='line_1_1' title="bbox 297 338 836 447; baseline -0.004 -20"><span class='ocrx_word' id='word_1_1' title='bbox 297 373 379 447; x_wconf 85' lang='lat'>242</span> <span class='ocrx_word' id='word_1_2' title='bbox 495 338 836 427; x_wconf 73' lang='lat' dir='ltr'>AErvurnos</span> 
     </span>
    </p>
   </div>
   <div class='ocr_carea' id='block_1_2' title="bbox 176 505 1048 2892">
    <p class='ocr_par' dir='ltr' id='par_1_2' title="bbox 295 505 1024 658">
     <span class='ocr_line' id='line_1_2' title="bbox 296 505 1024 577; baseline 0 -18"><span class='ocrx_word' id='word_1_3' title='bbox 296 505 426 577; x_wconf 72' lang='lat' dir='ltr'>Coniugis</span> <span class='ocrx_word' id='word_1_4' title='bbox 437 505 561 575; x_wconf 84' lang='lat' dir='ltr'>antiqui,</span> <span class='ocrx_word' id='word_1_5' title='bbox 574 505 645 558; x_wconf 89' lang='lat' dir='ltr'>miro</span> <span class='ocrx_word' id='word_1_6' title='bbox 661 507 736 575; x_wconf 89' lang='lat' dir='ltr'>quod</span> <span class='ocrx_word' id='word_1_7' title='bbox 749 506 855 559; x_wconf 85' lang='lat' dir='ltr'>honore</span> <span class='ocrx_word' id='word_1_8' title='bbox 865 505 989 570; x_wconf 82' lang='lat' dir='ltr'>colebat,</span> <span class='ocrx_word' id='word_1_9' title='bbox 1020 535 1024 541; x_wconf 93' lang='lat'><em>·</em></span> 
     </span>
     <span class='ocr_line' id='line_1_3' title="bbox 295 600 933 658; baseline 0.003 -3"><span class='ocrx_word' id='word_1_10' title='bbox 295 602 447 655; x_wconf 83' lang='lat' dir='ltr'>Velleribus</span> <span class='ocrx_word' id='word_1_11' title='bbox 457 600 546 654; x_wconf 83' lang='lat' dir='ltr'>niveis</span> <span class='ocrx_word' id='word_1_12' title='bbox 556 603 583 655; x_wconf 77' lang='grc' dir='ltr'>δι</span> <span class='ocrx_word' id='word_1_13' title='bbox 591 600 654 655; x_wconf 76' lang='lat' dir='ltr'>sesti</span> <span class='ocrx_word' id='word_1_14' title='bbox 662 601 757 655; x_wconf 79' lang='lat' dir='ltr'>fronde</span> <span class='ocrx_word' id='word_1_15' title='bbox 765 601 933 658; x_wconf 62' lang='lat' dir='ltr'>revinaum.</span> 
     </span>
    </p>

    <p class='ocr_par' dir='ltr' id='par_1_3' title="bbox 239 682 970 1159">
     <span class='ocr_line' id='line_1_4' title="bbox 239 682 862 758; baseline 0 -6"><span class='ocrx_word' id='word_1_16' title='bbox 239 695 294 758; x_wconf 83' lang='lat'>460</span> <span class='ocrx_word' id='word_1_17' title='bbox 301 700 371 753; x_wconf 91' lang='lat' dir='ltr'>llinc</span> <span class='ocrx_word' id='word_1_18' title='bbox 380 698 500 752; x_wconf 81' lang='lat' dir='ltr'>exaudiri</span> <span class='ocrx_word' id='word_1_19' title='bbox 508 682 595 753; x_wconf 34' lang='lat' dir='ltr'>voces*</span> <span class='ocrx_word' id='word_1_20' title='bbox 605 699 632 753; x_wconf 75' lang='lat' dir='ltr'>u</span> <span class='ocrx_word' id='word_1_21' title='bbox 643 699 727 753; x_wconf 82' lang='lat' dir='ltr'>verba</span> <span class='ocrx_word' id='word_1_22' title='bbox 735 697 862 752; x_wconf 85' lang='lat' dir='ltr'>vocantis</span> 
     </span>
     <span class='ocr_line' id='line_1_5' title="bbox 295 794 939 859; baseline 0.002 -11"><span class='ocrx_word' id='word_1_23' title='bbox 295 796 361 849; x_wconf 90' lang='lat' dir='ltr'>Visa</span> <span class='ocrx_word' id='word_1_24' title='bbox 369 794 442 859; x_wconf 84' lang='lat' dir='ltr'>viri,</span> <span class='ocrx_word' id='word_1_25' title='bbox 457 813 516 848; x_wconf 86' lang='lat' dir='ltr'>nox</span> <span class='ocrx_word' id='word_1_26' title='bbox 527 795 588 849; x_wconf 81' lang='lat' dir='ltr'>clim</span> <span class='ocrx_word' id='word_1_27' title='bbox 598 810 681 848; x_wconf 81' lang='lat' dir='ltr'>terras</span> <span class='ocrx_word' id='word_1_28' title='bbox 692 795 939 856; x_wconf 71' lang='lat' dir='ltr'>obscuratenereta</span> 
     </span>
     <span class='ocr_line' id='line_1_6' title="bbox 295 889 874 962; baseline -0.002 -17"><span class='ocrx_word' id='word_1_29' title='bbox 295 894 411 962; x_wconf 82' lang='lat' dir='ltr'>Solaque</span> <span class='ocrx_word' id='word_1_30' title='bbox 420 890 579 944; x_wconf 82' lang='lat' dir='ltr'>culminibus</span> <span class='ocrx_word' id='word_1_31' title='bbox 588 889 665 945; x_wconf 83' lang='lat' dir='ltr'>ferali</span> <span class='ocrx_word' id='word_1_32' title='bbox 673 890 790 945; x_wconf 78' lang='lat' dir='ltr'>carmine</span> <span class='ocrx_word' id='word_1_33' title='bbox 800 893 874 945; x_wconf 84' lang='lat' dir='ltr'>bubo</span> 
     </span>
     <span class='ocr_line' id='line_1_7' title="bbox 296 986 970 1059; baseline 0 -17"><span class='ocrx_word' id='word_1_34' title='bbox 296 991 371 1058; x_wconf 80' lang='lat' dir='ltr'>Saepe</span> <span class='ocrx_word' id='word_1_35' title='bbox 381 987 457 1059; x_wconf 91' lang='lat' dir='ltr'>queri</span> <span class='ocrx_word' id='word_1_36' title='bbox 466 1027 474 1053; x_wconf 84' lang='lat'>‚</span> <span class='ocrx_word' id='word_1_37' title='bbox 488 989 617 1058; x_wconf 77' lang='lat' dir='ltr'>&amp;longas</span> <span class='ocrx_word' id='word_1_38' title='bbox 627 987 658 1039; x_wconf 93' lang='lat' dir='ltr'>in</span> <span class='ocrx_word' id='word_1_39' title='bbox 668 986 761 1041; x_wconf 84' lang='lat' dir='ltr'>fletum</span> <span class='ocrx_word' id='word_1_40' title='bbox 769 989 870 1042; x_wconf 89' lang='lat' dir='ltr'>ducere</span> <span class='ocrx_word' id='word_1_41' title='bbox 881 1003 970 1042; x_wconf 81' lang='lat' dir='ltr'>voces.</span> 
     </span>
     <span class='ocr_line' id='line_1_8' title="bbox 297 1083 953 1159; baseline 0 -22"><span class='ocrx_word' id='word_1_42' title='bbox 297 1086 436 1159; x_wconf 85' lang='lat' dir='ltr'>Multaque</span> <span class='ocrx_word' id='word_1_43' title='bbox 447 1100 574 1154; x_wconf 73' lang='lat' dir='ltr'>preterea</span> <span class='ocrx_word' id='word_1_44' title='bbox 584 1099 678 1138; x_wconf 83' lang='lat' dir='ltr'>vatum</span> <span class='ocrx_word' id='word_1_45' title='bbox 692 1083 819 1153; x_wconf 67' lang='lat' dir='ltr'>praalun</span> <span class='ocrx_word' id='word_1_46' title='bbox 829 1084 953 1153; x_wconf 83' lang='lat' dir='ltr'>priorum</span> 
     </span>
    </p>

    <p class='ocr_par' dir='ltr' id='par_1_4' title="bbox 242 1179 1023 1639">
     <span class='ocr_line' id='line_1_9' title="bbox 242 1179 1003 1251; baseline 0.003 -21"><span class='ocrx_word' id='word_1_47' title='bbox 242 1180 293 1246; x_wconf 78' lang='lat'>465</span> <span class='ocrx_word' id='word_1_48' title='bbox 302 1182 428 1251; x_wconf 80' lang='lat' dir='ltr'>Terribili</span> <span class='ocrx_word' id='word_1_49' title='bbox 438 1182 545 1236; x_wconf 87' lang='lat' dir='ltr'>monitu</span> <span class='ocrx_word' id='word_1_50' title='bbox 555 1179 721 1235; x_wconf 84' lang='lat' dir='ltr'>horrificam.</span> <span class='ocrx_word' id='word_1_51' title='bbox 730 1179 797 1251; x_wconf 77' lang='lat' dir='ltr'>Agit</span> <span class='ocrx_word' id='word_1_52' title='bbox 805 1180 863 1249; x_wconf 90' lang='lat' dir='ltr'>ipse</span> <span class='ocrx_word' id='word_1_53' title='bbox 872 1180 1003 1233; x_wconf 79' lang='lat' dir='ltr'>furentem</span> 
     </span>
     <span class='ocr_line' id='line_1_10' title="bbox 299 1277 947 1346; baseline -0.003 -15"><span class='ocrx_word' id='word_1_54' title='bbox 299 1280 331 1331; x_wconf 87' lang='lat' dir='ltr'>ln</span> <span class='ocrx_word' id='word_1_55' title='bbox 344 1279 444 1333; x_wconf 78' lang='lat' dir='ltr'>somnia</span> <span class='ocrx_word' id='word_1_56' title='bbox 453 1281 524 1333; x_wconf 79' lang='lat' dir='ltr'>senis</span> <span class='ocrx_word' id='word_1_57' title='bbox 533 1279 629 1332; x_wconf 79' lang='lat' dir='ltr'>AEneas</span> <span class='ocrx_word' id='word_1_58' title='bbox 640 1297 647 1331; x_wconf 79' lang='grc' dir='ltr'><strong>ι</strong></span> <span class='ocrx_word' id='word_1_59' title='bbox 659 1279 817 1346; x_wconf 80' lang='lat' dir='ltr'>semperque</span> <span class='ocrx_word' id='word_1_60' title='bbox 825 1277 947 1346; x_wconf 87' lang='lat' dir='ltr'>relinqui</span> 
     </span>
     <span class='ocr_line' id='line_1_11' title="bbox 298 1371 952 1445; baseline 0.002 -18"><span class='ocrx_word' id='word_1_61' title='bbox 298 1376 363 1428; x_wconf 81' lang='lat' dir='ltr'>Sola</span> <span class='ocrx_word' id='word_1_62' title='bbox 372 1375 433 1441; x_wconf 85' lang='lat' dir='ltr'>libi,</span> <span class='ocrx_word' id='word_1_63' title='bbox 443 1377 545 1445; x_wconf 83' lang='lat' dir='ltr'>semper</span> <span class='ocrx_word' id='word_1_64' title='bbox 553 1377 663 1445; x_wconf 82' lang='lat' dir='ltr'>longam</span> <span class='ocrx_word' id='word_1_65' title='bbox 672 1371 831 1426; x_wconf 80' lang='lat' dir='ltr'>incomitata</span> <span class='ocrx_word' id='word_1_66' title='bbox 839 1374 952 1428; x_wconf 86' lang='lat' dir='ltr'>videtur</span> 
     </span>
     <span class='ocr_line' id='line_1_12' title="bbox 299 1468 930 1541; baseline 0.008 -20"><span class='ocrx_word' id='word_1_67' title='bbox 299 1471 342 1522; x_wconf 88' lang='lat' dir='ltr'>lte</span> <span class='ocrx_word' id='word_1_68' title='bbox 349 1471 442 1536; x_wconf 84' lang='lat' dir='ltr'>viam,</span> <span class='ocrx_word' id='word_1_69' title='bbox 455 1472 482 1524; x_wconf 74' lang='grc' dir='ltr'>δι</span> <span class='ocrx_word' id='word_1_70' title='bbox 492 1471 593 1541; x_wconf 85' lang='lat' dir='ltr'>Tyrios</span> <span class='ocrx_word' id='word_1_71' title='bbox 605 1468 704 1523; x_wconf 77' lang='lat' dir='ltr'>deserti</span> <span class='ocrx_word' id='word_1_72' title='bbox 714 1486 833 1539; x_wconf 76' lang='lat' dir='ltr'>quaerere</span> <span class='ocrx_word' id='word_1_73' title='bbox 846 1471 930 1526; x_wconf 82' lang='lat' dir='ltr'>terrai.</span> 
     </span>
     <span class='ocr_line' id='line_1_13' title="bbox 300 1563 1023 1639; baseline 0.006 -22"><span class='ocrx_word' id='word_1_74' title='bbox 300 1566 567 1639; x_wconf 84' lang='lat' dir='ltr'>Eumenidumveluti</span> <span class='ocrx_word' id='word_1_75' title='bbox 572 1569 680 1619; x_wconf 84' lang='lat' dir='ltr'>demens</span> <span class='ocrx_word' id='word_1_76' title='bbox 686 1563 762 1618; x_wconf 84' lang='lat' dir='ltr'>videt</span> <span class='ocrx_word' id='word_1_77' title='bbox 768 1565 880 1636; x_wconf 78' lang='lat' dir='ltr'>agmina</span> <span class='ocrx_word' id='word_1_78' title='bbox 885 1567 1023 1628; x_wconf 82' lang='lat' dir='ltr'>Pentheus.</span> 
     </span>
    </p>

    <p class='ocr_par' dir='ltr' id='par_1_5' title="bbox 239 1659 1035 2024">
     <span class='ocr_line' id='line_1_14' title="bbox 239 1659 1035 1731; baseline 0.004 -21"><span class='ocrx_word' id='word_1_79' title='bbox 239 1673 298 1722; x_wconf 69' lang='lat'>,470</span> <span class='ocrx_word' id='word_1_80' title='bbox 305 1663 336 1713; x_wconf 87' lang='lat' dir='ltr'>Et</span> <span class='ocrx_word' id='word_1_81' title='bbox 343 1663 426 1714; x_wconf 89' lang='lat' dir='ltr'>solem</span> <span class='ocrx_word' id='word_1_82' title='bbox 433 1663 585 1731; x_wconf 85' lang='lat' dir='ltr'>geminum,</span> <span class='ocrx_word' id='word_1_83' title='bbox 594 1663 620 1716; x_wconf 77' lang='grc' dir='ltr'>δι</span> <span class='ocrx_word' id='word_1_84' title='bbox 627 1659 744 1731; x_wconf 83' lang='lat' dir='ltr'>duplices</span> <span class='ocrx_word' id='word_1_85' title='bbox 750 1660 778 1713; x_wconf 89' lang='lat' dir='ltr'>se</span> <span class='ocrx_word' id='word_1_86' title='bbox 785 1661 928 1717; x_wconf 86' lang='lat' dir='ltr'>ostendere</span> <span class='ocrx_word' id='word_1_87' title='bbox 935 1664 1035 1717; x_wconf 80' lang='lat' dir='ltr'>Thebas:</span> 
     </span>
     <span class='ocr_line' id='line_1_15' title="bbox 302 1756 954 1829; baseline 0.005 -20"><span class='ocrx_word' id='word_1_88' title='bbox 302 1759 356 1810; x_wconf 80' lang='lat' dir='ltr'>Aut</span> <span class='ocrx_word' id='word_1_89' title='bbox 364 1758 590 1828; x_wconf 80' lang='lat' dir='ltr'>Agamemnonius</span> <span class='ocrx_word' id='word_1_90' title='bbox 603 1757 688 1811; x_wconf 84' lang='lat' dir='ltr'>scenis</span> <span class='ocrx_word' id='word_1_91' title='bbox 697 1756 812 1829; x_wconf 81' lang='lat' dir='ltr'>agitatus</span> <span class='ocrx_word' id='word_1_92' title='bbox 825 1757 954 1824; x_wconf 80' lang='lat' dir='ltr'>Orestes,</span> 
     </span>
     <span class='ocr_line' id='line_1_16' title="bbox 303 1854 961 1923; baseline 0.002 -15"><span class='ocrx_word' id='word_1_93' title='bbox 303 1858 439 1909; x_wconf 80' lang='lat' dir='ltr'>Armatam</span> <span class='ocrx_word' id='word_1_94' title='bbox 450 1854 548 1908; x_wconf 81' lang='lat' dir='ltr'>facibus</span> <span class='ocrx_word' id='word_1_95' title='bbox 557 1868 669 1907; x_wconf 88' lang='lat' dir='ltr'>matrem</span> <span class='ocrx_word' id='word_1_96' title='bbox 683 1854 889 1923; x_wconf 83' lang='lat' dir='ltr'>&amp;serpentibus</span> <span class='ocrx_word' id='word_1_97' title='bbox 899 1856 961 1908; x_wconf 81' lang='lat' dir='ltr'>atris</span> 
     </span>
     <span class='ocr_line' id='line_1_17' title="bbox 306 1948 989 2024; baseline 0 -18"><span class='ocrx_word' id='word_1_98' title='bbox 306 1954 375 2006; x_wconf 81' lang='lat' dir='ltr'>Cirm</span> <span class='ocrx_word' id='word_1_99' title='bbox 384 1953 470 2024; x_wconf 80' lang='lat' dir='ltr'>sugit,</span> <span class='ocrx_word' id='word_1_100' title='bbox 487 1950 645 2020; x_wconf 87' lang='lat' dir='ltr'>ultricesque</span> <span class='ocrx_word' id='word_1_101' title='bbox 657 1949 746 2003; x_wconf 87' lang='lat' dir='ltr'>sedent</span> <span class='ocrx_word' id='word_1_102' title='bbox 758 1948 789 2002; x_wconf 91' lang='lat' dir='ltr'>in</span> <span class='ocrx_word' id='word_1_103' title='bbox 797 1949 898 2005; x_wconf 89' lang='lat' dir='ltr'>limine</span> <span class='ocrx_word' id='word_1_104' title='bbox 907 1953 989 2006; x_wconf 77' lang='lat' dir='ltr'>Dira.</span> 
     </span>
    </p>

    <p class='ocr_par' dir='ltr' id='par_1_6' title="bbox 342 2045 911 2119">
     <span class='ocr_line' id='line_1_18' title="bbox 342 2045 911 2119; baseline 0.004 -19"><span class='ocrx_word' id='word_1_105' title='bbox 342 2050 413 2119; x_wconf 83' lang='lat' dir='ltr'>Ergo</span> <span class='ocrx_word' id='word_1_106' title='bbox 425 2048 470 2102; x_wconf 93' lang='lat' dir='ltr'>ubi</span> <span class='ocrx_word' id='word_1_107' title='bbox 480 2047 603 2116; x_wconf 89' lang='lat' dir='ltr'>concepit</span> <span class='ocrx_word' id='word_1_108' title='bbox 611 2045 691 2100; x_wconf 80' lang='lat' dir='ltr'>furias</span> <span class='ocrx_word' id='word_1_109' title='bbox 701 2045 789 2098; x_wconf 73' lang='lat' dir='ltr'>eviila</span> <span class='ocrx_word' id='word_1_110' title='bbox 798 2048 911 2113; x_wconf 87' lang='lat' dir='ltr'>dolore,</span> 
     </span>
    </p>

    <p class='ocr_par' dir='ltr' id='par_1_7' title="bbox 251 2142 1043 2406">
     <span class='ocr_line' id='line_1_19' title="bbox 251 2142 1043 2215; baseline 0.001 -21"><span class='ocrx_word' id='word_1_111' title='bbox 251 2162 300 2210; x_wconf 83' lang='lat'>475</span> <span class='ocrx_word' id='word_1_112' title='bbox 310 2145 491 2211; x_wconf 86' lang='lat' dir='ltr'>Decrevitque</span> <span class='ocrx_word' id='word_1_113' title='bbox 501 2144 571 2198; x_wconf 89' lang='lat' dir='ltr'>mori</span> <span class='ocrx_word' id='word_1_114' title='bbox 581 2162 591 2206; x_wconf 85' lang='lat'>·,</span> <span class='ocrx_word' id='word_1_115' title='bbox 602 2159 706 2212; x_wconf 88' lang='lat' dir='ltr'>ternpus</span> <span class='ocrx_word' id='word_1_116' title='bbox 716 2142 806 2195; x_wconf 88' lang='lat' dir='ltr'>secum</span> <span class='ocrx_word' id='word_1_117' title='bbox 817 2143 879 2212; x_wconf 89' lang='lat' dir='ltr'>ipsa</span> <span class='ocrx_word' id='word_1_118' title='bbox 892 2146 1043 2215; x_wconf 86' lang='lat' dir='ltr'>modumque</span> 
     </span>
     <span class='ocr_line' id='line_1_20' title="bbox 308 2237 959 2310; baseline 0.008 -20"><span class='ocrx_word' id='word_1_119' title='bbox 308 2238 416 2308; x_wconf 81' lang='lat' dir='ltr'>Exigit,</span> <span class='ocrx_word' id='word_1_120' title='bbox 430 2240 456 2290; x_wconf 79' lang='grc' dir='ltr'>δι</span> <span class='ocrx_word' id='word_1_121' title='bbox 467 2240 587 2292; x_wconf 84' lang='lat' dir='ltr'>moestam</span> <span class='ocrx_word' id='word_1_122' title='bbox 599 2240 674 2293; x_wconf 73' lang='lat' dir='ltr'>dictis</span> <span class='ocrx_word' id='word_1_123' title='bbox 686 2237 800 2310; x_wconf 80' lang='lat' dir='ltr'>aggreffa</span> <span class='ocrx_word' id='word_1_124' title='bbox 811 2240 959 2306; x_wconf 85' lang='lat' dir='ltr'>sororem,</span> 
     </span>
     <span class='ocr_line' id='line_1_21' title="bbox 310 2334 992 2406; baseline 0.01 -20"><span class='ocrx_word' id='word_1_125' title='bbox 310 2334 457 2386; x_wconf 82' lang='lat' dir='ltr'>Consilium</span> <span class='ocrx_word' id='word_1_126' title='bbox 467 2338 545 2388; x_wconf 88' lang='lat' dir='ltr'>vultu</span> <span class='ocrx_word' id='word_1_127' title='bbox 554 2336 619 2406; x_wconf 84' lang='lat' dir='ltr'>tegit</span> <span class='ocrx_word' id='word_1_128' title='bbox 630 2376 638 2400; x_wconf 89' lang='lat'>,</span> <span class='ocrx_word' id='word_1_129' title='bbox 651 2354 680 2388; x_wconf 90' lang='lat' dir='ltr'>ac</span> <span class='ocrx_word' id='word_1_130' title='bbox 689 2336 762 2405; x_wconf 89' lang='lat' dir='ltr'>spem</span> <span class='ocrx_word' id='word_1_131' title='bbox 772 2336 864 2390; x_wconf 87' lang='lat' dir='ltr'>fronte</span> <span class='ocrx_word' id='word_1_132' title='bbox 875 2339 992 2393; x_wconf 86' lang='lat' dir='ltr'>serenat.</span> 
     </span>
    </p>

    <p class='ocr_par' dir='ltr' id='par_1_8' title="bbox 176 2429 904 2502">
     <span class='ocr_line' id='line_1_22' title="bbox 176 2429 904 2502; baseline 0.001 -19"><span class='ocrx_word' id='word_1_133' title='bbox 176 2469 198 2492; x_wconf 37' lang='grc' dir='ltr'>χ</span> <span class='ocrx_word' id='word_1_134' title='bbox 308 2429 404 2484; x_wconf 89' lang='lat' dir='ltr'>Inveni</span> <span class='ocrx_word' id='word_1_135' title='bbox 416 2471 424 2496; x_wconf 89' lang='lat'>,</span> <span class='ocrx_word' id='word_1_136' title='bbox 439 2449 561 2502; x_wconf 83' lang='lat' dir='ltr'>germana</span> <span class='ocrx_word' id='word_1_137' title='bbox 569 2472 577 2497; x_wconf 84' lang='lat'>,</span> <span class='ocrx_word' id='word_1_138' title='bbox 586 2433 674 2497; x_wconf 88' lang='lat' dir='ltr'>viam,</span> <span class='ocrx_word' id='word_1_139' title='bbox 685 2445 785 2502; x_wconf 77' lang='lat' dir='ltr'>gratare</span> <span class='ocrx_word' id='word_1_140' title='bbox 795 2432 904 2496; x_wconf 83' lang='lat' dir='ltr'>sorori,</span> 
     </span>
    </p>

    <p class='ocr_par' dir='ltr' id='par_1_9' title="bbox 310 2527 1048 2596">
     <span class='ocr_line' id='line_1_23' title="bbox 310 2527 1048 2596; baseline 0.001 -15"><span class='ocrx_word' id='word_1_141' title='bbox 310 2531 378 2596; x_wconf 76' lang='lat' dir='ltr'>Quae</span> <span class='ocrx_word' id='word_1_142' title='bbox 388 2528 455 2580; x_wconf 92' lang='lat' dir='ltr'>mihi</span> <span class='ocrx_word' id='word_1_143' title='bbox 467 2530 554 2580; x_wconf 90' lang='lat' dir='ltr'>reddat</span> <span class='ocrx_word' id='word_1_144' title='bbox 565 2545 642 2592; x_wconf 86' lang='lat' dir='ltr'>eum,</span> <span class='ocrx_word' id='word_1_145' title='bbox 654 2531 699 2582; x_wconf 88' lang='lat' dir='ltr'>vel</span> <span class='ocrx_word' id='word_1_146' title='bbox 711 2544 745 2580; x_wconf 91' lang='lat' dir='ltr'>eo</span> <span class='ocrx_word' id='word_1_147' title='bbox 755 2544 798 2581; x_wconf 89' lang='lat' dir='ltr'>me</span> <span class='ocrx_word' id='word_1_148' title='bbox 812 2527 905 2583; x_wconf 87' lang='lat' dir='ltr'>solvat</span> <span class='ocrx_word' id='word_1_149' title='bbox 915 2546 1048 2585; x_wconf 83' lang='lat' dir='ltr'>amantem.</span> 
     </span>
    </p>

    <p class='ocr_par' dir='ltr' id='par_1_10' title="bbox 255 2624 913 2699">
     <span class='ocr_line' id='line_1_24' title="bbox 255 2624 913 2699; baseline -0.002 -19"><span class='ocrx_word' id='word_1_150' title='bbox 255 2639 310 2699; x_wconf 75' lang='lat'>430</span> <span class='ocrx_word' id='word_1_151' title='bbox 318 2626 421 2680; x_wconf 90' lang='lat' dir='ltr'>Oceani</span> <span class='ocrx_word' id='word_1_152' title='bbox 431 2624 513 2680; x_wconf 85' lang='lat' dir='ltr'>finem</span> <span class='ocrx_word' id='word_1_153' title='bbox 524 2625 599 2690; x_wconf 81' lang='lat' dir='ltr'>iuxta</span> <span class='ocrx_word' id='word_1_154' title='bbox 610 2626 746 2695; x_wconf 89' lang='lat' dir='ltr'>solemque</span> <span class='ocrx_word' id='word_1_155' title='bbox 754 2627 913 2691; x_wconf 81' lang='lat' dir='ltr'>cadentem,</span> 
     </span>
    </p>

    <p class='ocr_par' dir='ltr' id='par_1_11' title="bbox 305 2723 1041 2892">
     <span class='ocr_line' id='line_1_25' title="bbox 305 2723 1041 2793; baseline 0.004 -18"><span class='ocrx_word' id='word_1_156' title='bbox 305 2725 431 2777; x_wconf 86' lang='lat' dir='ltr'>&#39;Ultimus</span> <span class='ocrx_word' id='word_1_157' title='bbox 442 2724 600 2793; x_wconf 81' lang='lat' dir='ltr'>AEthiopum</span> <span class='ocrx_word' id='word_1_158' title='bbox 610 2727 685 2777; x_wconf 91' lang='lat' dir='ltr'>locus</span> <span class='ocrx_word' id='word_1_159' title='bbox 696 2723 749 2787; x_wconf 85' lang='lat' dir='ltr'>est,</span> <span class='ocrx_word' id='word_1_160' title='bbox 761 2723 807 2776; x_wconf 92' lang='lat' dir='ltr'>ubi</span> <span class='ocrx_word' id='word_1_161' title='bbox 819 2724 961 2778; x_wconf 83' lang='lat' dir='ltr'>maximus</span> <span class='ocrx_word' id='word_1_162' title='bbox 973 2727 1041 2778; x_wconf 76' lang='lat' dir='ltr'>Atlas</span> 
     </span>
     <span class='ocr_line' id='line_1_26' title="bbox 312 2820 1010 2892; baseline 0.01 -22"><span class='ocrx_word' id='word_1_163' title='bbox 312 2821 400 2871; x_wconf 78' lang='lat' dir='ltr'>Auem</span> <span class='ocrx_word' id='word_1_164' title='bbox 408 2822 520 2874; x_wconf 89' lang='lat' dir='ltr'>humero</span> <span class='ocrx_word' id='word_1_165' title='bbox 530 2836 638 2892; x_wconf 89' lang='lat' dir='ltr'>torquet</span> <span class='ocrx_word' id='word_1_166' title='bbox 647 2820 727 2873; x_wconf 85' lang='lat' dir='ltr'>stellis</span> <span class='ocrx_word' id='word_1_167' title='bbox 737 2820 891 2876; x_wconf 86' lang='lat' dir='ltr'>ardentibus</span> <span class='ocrx_word' id='word_1_168' title='bbox 901 2838 1010 2890; x_wconf 87' lang='lat' dir='ltr'>aptum.</span> 
     </span>
    </p>
   </div>
   <div class='ocr_carea' id='block_1_3' title="bbox 313 2914 1006 3085">
    <p class='ocr_par' dir='ltr' id='par_1_12' title="bbox 313 2914 1006 3085">
     <span class='ocr_line' id='line_1_27' title="bbox 313 2914 1006 2991; baseline 0.01 -26"><span class='ocrx_word' id='word_1_169' title='bbox 313 2915 385 2969; x_wconf 88' lang='lat' dir='ltr'>Hinc</span> <span class='ocrx_word' id='word_1_170' title='bbox 397 2914 464 2991; x_wconf 82' lang='lat' dir='ltr'>mihi</span> <span class='ocrx_word' id='word_1_171' title='bbox 475 2915 595 2985; x_wconf 72' lang='lat' dir='ltr'>Massyla</span> <span class='ocrx_word' id='word_1_172' title='bbox 608 2915 694 2988; x_wconf 80' lang='lat' dir='ltr'>gentis</span> <span class='ocrx_word' id='word_1_173' title='bbox 704 2914 849 2968; x_wconf 87' lang='lat' dir='ltr'>monstrata</span> <span class='ocrx_word' id='word_1_174' title='bbox 860 2916 1006 2983; x_wconf 79' lang='lat' dir='ltr'>sacerdos,</span> 
     </span>
     <span class='ocr_line' id='line_1_28' title="bbox 314 3008 997 3085; baseline 0.012 -22"><span class='ocrx_word' id='word_1_175' title='bbox 314 3008 489 3082; x_wconf 75' lang='lat' dir='ltr'>Hesperidum</span> <span class='ocrx_word' id='word_1_176' title='bbox 499 3013 593 3082; x_wconf 89' lang='lat' dir='ltr'>templi</span> <span class='ocrx_word' id='word_1_177' title='bbox 604 3013 688 3069; x_wconf 81' lang='lat' dir='ltr'>custos</span> <span class='ocrx_word' id='word_1_178' title='bbox 700 3051 709 3080; x_wconf 82' lang='lat'><strong>,</strong></span> <span class='ocrx_word' id='word_1_179' title='bbox 720 3012 868 3085; x_wconf 83' lang='lat' dir='ltr'>epulasque</span> <span class='ocrx_word' id='word_1_180' title='bbox 880 3016 997 3071; x_wconf 87' lang='lat' dir='ltr'>draconi</span> 
     </span>
    </p>
   </div>
   <div class='ocr_carea' id='block_1_4' title="bbox 0 0 1268 3934">
    <p class='ocr_par' dir='ltr' id='par_1_13' title="bbox 0 0 1268 3934">
     <span class='ocr_line' id='line_1_29' title="bbox 0 0 1268 3934; baseline 0 0"><span class='ocrx_word' id='word_1_181' title='bbox 0 0 1268 3934; x_wconf 95' lang='lat' dir='ltr'> </span> 
     </span>
    </p>
   </div>
  </div>
 </body>
</html>
