2525 3934
212 381 893 460 :fflssssssffimaeaessssmw

212 551 855 667 retenturam

265 734 471 806 LIBRI
518 729 801 817 TERTII„

212 861 219 912 r

220 924 348 976 ERGIT
369 908 494 975 AEneas
514 928 658 973 enarrare
686 904 819 973 Didoni
840 929 895 972 ca·

217 1006 297 1095 suos
318 1055 329 1090 ,
353 1028 483 1094 quorum
506 1006 606 1070 altera
630 1027 709 1091 pars
735 1001 793 1069 leot
813 1003 894 1071 libro

215 1104 337 1167 tinctor
361 1151 373 1184 ,
401 1123 509 1189 nempe
538 1101 720 1192 nauigatio.
745 1100 892 1184 AEneas,

212 1197 287 1285 ensa*
307 1194 407 1282 Trojd
417 1246 428 1280 ,
453 1193 544 1293 claffo
564 1196 682 1290 uiginti
699 1196 831 1264 nauium
849 1199 897 1264 ad

214 1317 259 1358 em
275 1296 484 1361 Antandrum
503 1297 585 1360 clam
594 1292 778 1380 fabricata,
796 1290 894 1381 defir-

220 1391 266 1455 in.
284 1391 474 1469 Thraciam,
491 1392 545 1458 ubi
570 1387 641 1457 crim
662 1391 767 1457 urbem
781 1391 894 1456 conde·

214 1536 225 1568 ,
250 1486 374 1554 territus
392 1487 538 1578 prodigio
553 1483 623 1580 cufi
632 1513 654 1552 a
666 1484 893 1586 Polymnestore
978 1510 985 1524 '

212 1611 216 1643 ε
241 1584 427 1671 Polydori,
451 1583 586 1675 navigat
606 1583 641 1649 in
668 1583 807 1674 insulam
826 1587 893 1650 De·

212 1705 255 1763 r,
285 1679 482 1768 consulturus
512 1683 671 1748 oraculum
697 1682 866 1771 Apollinis
876 1708 892 1765 ;

212 1800 254 1844 uo
266 1771 436 1860 monime,
453 1799 489 1844 ut
501 1777 665 1873 antiquam
680 1795 819 1847 matrem
837 1802 893 1844 ex·

212 1895 304 1960 teret,
328 1873 474 1963 Anchisa
499 1875 754 1965 interpretatione
769 1876 892 1941 Cretam

227 1971 367 2061 insulam
392 1992 507 2057 ratus,
529 1971 682 2059 Trojano
704 1970 808 2061 gentis
833 1972 894 2037 ori·

212 2093 281 2154 em,
305 2068 342 2135 eo
365 2068 559 2150 contendit,
585 2068 748 2155 'urbemque
779 2088 893 2133 novam
985 2095 991 2105 ⁸

212 2163 297 2246 (icat.
316 2167 364 2231 At
381 2165 456 2230 inde
471 2161 551 2261 peste
567 2161 735 2253 depulsus,
755 2164 892 2232 monitus

212 2259 338 2351 strmnis
367 2285 388 2327 a
416 2259 496 2327 Diis
521 2259 727 2344 Penatibus,
756 2261 888 2329 Italiam

212 2381 225 2423 z
245 2352 300 2454 effe
320 2354 531 2447 Trojanomm
549 2359 737 2441 cunabula,
754 2358 887 2428 [auem

212 2475 236 2522 r.
252 2457 300 2542 ‚In
319 2455 429 2523 itinere
451 2452 536 2524 at‘lus
555 2454 784 2551 tempestate'in
803 2455 889 2547 insu·

212 2554 427 2641 Strophades,
449 2552 577 2650 infestas
595 2555 689 2621 habet
699 2549 888 2644 Harpyias3

213 2672 282 2714 rum
305 2676 344 2716 ex
366 2675 434 2716 una
458 2651 550 2717 audit
569 2648 608 2739 se
638 2674 706 2717 non
733 2646 827 2739 priris
853 2656 887 2718 in

212 2745 253 2810 fia
264 2743 410 2833 fixurum
423 2745 513 2836 sedes
534 2742 629 2836 qudm
648 2743 739 2834 sarm
763 2743 887 2814 eoat‘lus

212 2842 240 2909 it
256 2841 379 2932 mendas
399 2839 680 2938 absumere.'Hinc
699 2843 820 2912 delatus
842 2845 889 2910 ad

212 2941 275 3006 ium
292 2938 567 3029 promontorium,
583 2939 627 3007 ibi
638 2942 730 3010 ludos
744 2941 884 3008 celebrat.

212 3063 229 3102 n
245 3037 281 3104 in
294 3038 427 3126 Epirum
438 3035 613 3130 appulsus,
639 3035 884 3108 Andromachen

218 3157 303 3209 Tomos
321 3156 345 3212 Ι.
762 3157 777 3212 1
