2525 3934
297 441 380 548 236
484 432 890 520 AErrrrnws

330 599 366 650 At
377 597 478 668 Regina
490 600 567 652 dolos
579 599 660 668 (quis
670 599 763 652 fallere
771 598 854 667 podir
865 613 994 652 amantem
1003 596 1026 662 ἓ]

294 693 447 760 Praesenfit,
462 697 602 766 motusque
613 695 722 765 excepit
731 695 819 764 prima
828 696 953 758 futuros,

296 789 398 843 Omnia
406 804 462 844 tuta
471 792 568 845 timens
579 812 586 845 ε
596 794 688 845 eadem
698 791 784 862 impia
792 794 874 845 Fama
883 793 979 847 fruenti

296 887 402 938 Detulit
411 889 506 941 armari
516 887 637 951 elatem,
651 888 814 957 cursumque
823 889 918 958 parari.

244 984 385 1055 30082vit
397 983 476 1054 inops
487 985 587 1048 animi,
599 998 738 1053 totamque
747 984 860 1038 incensa
872 986 1008 1054 perurbem

298 1080 441 1134 Bacchatur
453 1102 460 1136 :
475 1082 559 1151 qualis
571 1082 717 1134 commotis
728 1082 819 1134 excita
830 1083 913 1136 sacris

299 1179 422 1250 Thyias,
434 1180 480 1232 ubi
490 1179 581 1232 audito
590 1178 724 1233 stimulam
732 1179 872 1233 trieterica
884 1179 985 1234 Baccho

301 1276 406 1347 Orgia,
420 1276 614 1345 nocturnusque
625 1290 708 1328 vocat
715 1277 835 1329 clamore
848 1276 995 1330 Citheron.

302 1375 421 1428 Tandem
432 1375 474 1426 his
484 1373 587 1426 AEnean
597 1374 741 1440 compellat
751 1371 872 1425 vocibus
883 1375 958 1426 ultro
967 1393 975 1427 z

248 1475 297 1528 305
308 1470 475 1524 Diffimulare
486 1472 566 1524 etiam
575 1469 698 1539 sperasti,
711 1468 834 1538 perfide,
846 1485 954 1523 tantum

303 1565 379 1619 Poffe
391 1569 483 1631 nefas,
503 1567 646 1636 tacitusque
655 1565 715 1618 mei
725 1567 856 1620 decedere
869 1567 942 1620 terri
955 1569 966 1620 i
983 1628 987 1635 Ι

227 1727 231 1735 ι
303 1661 360 1713 Nec
372 1676 398 1714 te
410 1663 498 1715 noster
506 1681 599 1728 amor,
610 1678 695 1715 necte
704 1663 764 1714 data
774 1663 890 1716 dextera
903 1664 1039 1734 quondam

304 1760 360 1812 Nec
370 1759 499 1812 moritura
510 1774 583 1812 tenet
594 1758 693 1812 crudeli
704 1759 798 1813 funere
810 1759 892 1814 Dido
903 1763 916 1815 ἓ

306 1856 381 1924 Quin
391 1856 472 1910 eriam
480 1857 602 1926 hyberno
611 1854 719 1907 moliris
730 1854 813 1909 fidere
822 1856 951 1925 claffem,

205 1944 208 1951 ’
254 1955 344 2018 310Et
353 1954 447 2010 mediis
458 1970 585 2024 properas
595 1952 774 2023 Aquilonibus
784 1953 825 2007 ire
835 1972 888 2026 per
897 1960 992 2020 altum.

309 2052 429 2105 Crudelis
443 2057 449 2106 !
464 2051 553 2118 Quid,
567 2051 586 2104 su
598 2067 655 2103 non
665 2050 847 2116 arvnnliena,
864 2053 1010 2122 domosque

308 2150 416 2218 Ignoras
425 2164 528 2218 peteres
539 2189 547 2213 ,
559 2150 585 2202 δι
593 2148 676 2213 Troia
688 2148 797 2217 antiqua
809 2165 934 2204 maneret
945 2189 952 2214 ,

308 2244 390 2311 Troia
401 2261 449 2313 per
460 2246 591 2298 undosum
604 2259 738 2312 peteretur
749 2244 872 2299 clastibus
885 2250 998 2319 equor?

309 2342 391 2394 Mene
397 2341 483 2411 fugis?
491 2358 538 2410 per
544 2341 784 2410 egohaslacrymes
791 2343 973 2416 dextramque
979 2356 1050 2405 numi

256 2457 305 2512 315
316 2441 327 2509 (
338 2440 451 2506 Quando
458 2439 599 2492 aliudmihi
605 2438 658 2504 iarn
665 2439 765 2491 misere
772 2439 842 2493 nihil
851 2441 908 2510 ipsa
915 2443 1027 2512 reliqui)

310 2537 360 2590 Per
369 2536 498 2590 connubia
511 2536 615 2602 nostra,
632 2554 681 2606 per
691 2537 826 2605 incoeptos
836 2539 1019 2608 hymenaeon

309 2634 339 2690 Si
348 2637 414 2689 bene
424 2633 488 2703 quid
497 2635 529 2686 de
539 2648 566 2685 te
575 2633 661 2685 merui
671 2674 679 2697 ‚
689 2632 739 2686 fuit
748 2647 794 2685 aut
801 2632 853 2685 tibi
864 2635 1011 2706 quicquam

237 2791 241 2797 ,
309 2734 397 2786 Dulce
406 2749 512 2795 meum,
525 2731 648 2785 miserere
658 2730 752 2783 domus
763 2730 879 2783 labentis
892 2750 901 2792 ς
915 2734 943 2785 &
953 2733 1040 2796 istam,

311 2827 387 2893 Oro,
399 2830 417 2880 fi
428 2831 487 2898 quis
497 2831 579 2883 adhuc
588 2829 708 2898 precibus
719 2828 795 2880 locus
806 2866 814 2889 ,
827 2828 913 2882 exsue
924 2845 1046 2883 mentem.

256 2925 356 2999 320Te
368 2938 478 2994 propter
488 2925 594 2994 Libyca
607 2940 699 2994 gentes
709 2963 717 2986 ,
729 2924 944 2994 Nomadumque
955 2923 1051 2998 tyranni

313 3023 420 3084 Odere,
437 3019 529 3072 infenfi
541 3021 619 3091 Tyrii
632 3039 639 3071 ι
653 3035 679 3071 te
693 3034 804 3088 propter
815 3023 947 3074 eumdem

311 3118 458 3176 hmanas
468 3116 571 3191 pudor,
589 3117 615 3173 δι
630 3114 683 3188 qud
694 3114 751 3172 soit
763 3114 845 3170 sidera
855 3117 985 3189 adibam,
