2525 3934
403 387 677 519 Eccocr
724 388 785 476 X.
916 418 971 501 39

220 549 272 602 Aut
280 549 369 604 custos
383 553 492 623 gregis,
507 571 551 608 aut
562 572 671 610 mamre
680 556 785 609 vinitor
793 558 873 609 uvael

223 646 315 711 Cert'e,
326 649 382 702 five
393 651 461 703 mihi
471 651 573 722 Phyllis
584 692 593 716 ‚
605 653 660 705 live
669 652 734 704 effet
742 653 892 721 Amyntas,

226 744 278 794 Seu
283 746 443 816 quicumque
450 748 544 816 furor(
554 749 681 817 quidtum
688 787 698 811 ,
706 748 726 799 sr
734 749 820 802 luscus
827 746 971 817 Amyntas?

227 839 259 890 Iit
266 840 346 910 nigre
354 841 439 895 violae
449 842 509 894 sunt
520 882 528 905 ,
541 843 568 894 bc
576 842 697 895 vaccinia
706 843 801 913 nigra)

224 936 331 991 Mecum
342 939 414 991 inter
423 938 515 990 salices
525 940 598 989 lenta
608 938 655 989 sub
665 939 724 989 vite
733 939 846 1005 jaceret:
992 934 1030 982 4α
1064 958 1070 967 ’

225 1033 299 1085 Serta
308 1035 378 1087 mihi
387 1035 492 1105 Phyllis
502 1038 603 1105 legeret
614 1075 623 1098 ‚
634 1050 751 1087 cantaret
759 1038 900 1106 Amyntac.

225 1129 276 1180 Hic
286 1132 368 1200 gelidi
378 1132 468 1184 fontes
480 1171 488 1193 ‚
500 1132 544 1182 hic
555 1132 647 1184 mollia
656 1146 747 1200 prata,
763 1133 882 1202 Lycori:

226 1225 279 1277 Hic
290 1242 384 1279 uentus
398 1227 458 1291 ,hic
468 1228 526 1296 ipso
539 1243 627 1280 tecum
636 1228 804 1281 consumerer
813 1244 885 1282 avo.

229 1324 308 1374 Nunc
319 1323 426 1376 insanus
435 1340 510 1376 amor
521 1323 579 1375 duri
587 1339 614 1375 te
625 1323 722 1375 Marcis
731 1323 761 1374 in
769 1324 868 1387 armis,

231 1420 296 1471 Tela
306 1419 377 1472 inter
388 1420 475 1472 media
484 1435 563 1488 atque
573 1420 697 1472 adversos
710 1420 810 1472 detinet
819 1419 916 1474 hostes.
994 1417 1033 1479 45,

231 1516 272 1566 Tu
281 1519 377 1585 procul
388 1533 404 1568 a
415 1516 520 1585 patria(
530 1533 580 1568 nec
589 1515 621 1567 fit
629 1516 695 1568 milti
705 1519 809 1569 credere
816 1519 938 1589 tantum)

231 1613 343 1681 Alpinas
353 1650 362 1675 ‚
372 1613 406 1664 alr
414 1614 494 1666 dura!
506 1613 603 1675 nives,
619 1613 646 1663 ἃ
656 1612 755 1682 frigora
764 1614 851 1665 Rheni

233 1708 282 1760 Me
293 1709 349 1761 line
357 1708 413 1761 sola
421 1709 505 1762 vides.
518 1710 560 1761 Ab
570 1748 578 1772 ,
590 1724 617 1761 te
626 1726 660 1762 ne
669 1710 766 1779 frigora
777 1711 889 1765 ladantl

233 1806 276 1858 Ab
285 1845 293 1866 ,
303 1804 397 1859 tibine
407 1820 510 1859 teneras
520 1807 614 1876 glacies
625 1809 694 1860 secer
702 1808 791 1876 aspera
801 1811 902 1876 plantas
913 1810 921 1861 l
986 1828 988 1832 ¹

233 1903 299 1967 Ibo,
311 1903 339 1955 δι
350 1901 502 1955 Chalcidico
513 1903 640 1970 quaesunt
651 1903 718 1955 mihi
731 1904 837 1955 condita
845 1901 926 1956 versu
1001 1900 1038 1957 5⁰

235 1999 379 2066 Carmina,
390 1997 499 2067 pastoris
511 1998 593 2050 Siculi
604 1999 761 2051 modulabor
770 1997 866 2051 aveni.

235 2098 347 2149 Certum
358 2095 396 2149 est
404 2095 434 2146 in
443 2095 543 2166 sylvis,
554 2095 622 2148 inter
630 2096 726 2165 spelaea
734 2095 866 2158 ferarum,

236 2194 320 2244 Malle
331 2191 405 2259 pari,
421 2192 568 2260 tenerisque
580 2209 655 2245 meos
668 2192 784 2243 incidere
793 2207 900 2244 amores

236 2287 402 2340 Arboribus:
412 2289 525 2340 crescent
535 2289 586 2339 illr:
597 2327 605 2351 ,
617 2287 738 2340 crescetis
748 2304 864 2342 amores.

235 2388 344 2439 Interea
353 2382 443 2438 mixtis
452 2384 566 2437 lustrabo
575 2385 690 2455 Menala
699 2383 849 2455 Nymphis,
1005 2392 1036 2448 ξς

235 2486 292 2536 Aut
306 2497 380 2535 acres
389 2480 508 2534 venabor
518 2496 598 2549 aproc
608 2498 616 2533 ε
627 2496 685 2533 non
695 2495 738 2533 mc
748 2482 803 2533 ulla
812 2481 939 2533 vetabunt

235 2580 348 2650 Frigora
357 2577 512 2640 Parthenios
523 2576 630 2631 canibus
640 2572 800 2631 cirmmd'are
810 2576 899 2630 saltum

235 2677 298 2732 Jam
308 2673 377 2727 mihi
386 2691 434 2742 per
442 2690 520 2743 rupes
528 2675 644 2739 videor,
659 2672 786 2742 lucosque
796 2672 922 2728 sonantes

235 2775 280 2826 Ire
290 2791 298 2825 ε
309 2771 376 2825 libet
384 2769 481 2822 Partho
491 2785 615 2840 torquere
626 2752 749 2839 cydonia
758 2784 842 2819 cornu

236 2868 347 2939 Spicula
359 2886 366 2920 ι
380 2881 513 2934 tamquam
521 2867 579 2919 lraec
587 2865 637 2916 fint
646 2863 727 2916 nostri
739 2861 869 2916 medicina
879 2865 975 2920 furoris
986 2904 993 2929 ‚
1006 2862 1046 2916 60

236 2968 294 3020 Aut
302 2966 378 3017 Deus
388 2961 433 3013 ille
445 2961 521 3014 malis
532 2961 673 3012 hominnm
684 2957 820 3035 mitescere
832 2959 922 3013 discat.

235 3064 394 3132 iamneque
401 3058 595 3128 Hamadryades
600 3057 704 3111 rursum
711 3095 721 3122 ,
729 3073 777 3110 nec
786 3055 902 3111 carmina
907 3058 987 3111 uobis
