2525 3934
403 417 653 501 Lroble
704 386 799 500 I‘V.
899 444 974 525 ¹13

231 582 436 653 Pracipitesque
445 586 539 637 cadunt
550 602 557 635 :
570 599 628 634 non
636 580 740 634 densror
750 579 810 633 aste
819 579 939 650 grando,
984 568 1020 619 30

231 684 290 734 Nec
304 683 336 734 de
347 680 467 735 concuffa
476 697 580 734 tantum
591 679 659 748 pluit
670 678 732 731 ilice
743 676 855 748 glandis.

230 777 284 847 Ipst
295 795 344 847 per
353 778 450 832 medias
462 779 550 841 acies,
569 775 713 846 insignibus
725 775 790 840 alis,

232 874 356 944 Ingentes
368 877 474 931 animos
486 874 596 946 angusto
608 874 638 926 io
648 872 754 943 nestore
762 872 889 927 versant:

233 972 324 1040 Usque
334 975 400 1026 adeo
411 967 569 1026 obnixi'non
578 972 685 1034 cedere,
696 971 758 1022 dum
764 969 853 1040 gravis
860 983 905 1021 aut
912 968 978 1031 hos,

234 1069 287 1120 Aut
295 1070 346 1123 hos
355 1072 433 1125 versa
442 1070 503 1140 sugit
514 1069 603 1123 visior
614 1071 674 1121 dare
684 1082 757 1138 terga
766 1066 877 1135 subegit.
980 1057 1014 1123 85

235 1165 272 1216 Hi
283 1181 375 1219 motus
386 1167 537 1220 animorum
550 1206 557 1231 ,
569 1181 649 1236 atque
660 1167 717 1219 haec
728 1164 871 1218 certamina
879 1176 951 1215 tanta

235 1261 358 1313 Pulveris
368 1261 459 1331 exigui
470 1261 543 1328 justu.
551 1259 697 1331 compressa
707 1259 852 1329 quiescent.

271 1358 376 1411 Verum
385 1358 430 1410 ubi
440 1357 561 1412 dustores
571 1358 627 1412 acie
636 1356 807 1411 revocaveris
817 1357 929 1423 ambos,

234 1452 363 1509 Deterior
372 1455 419 1524 qui
427 1455 519 1520 visus,
535 1473 596 1508 eum
607 1494 615 1520 ,
627 1471 662 1511 ne
676 1455 801 1523 prodigus
814 1453 881 1505 obsrt
890 1481 906 1517 ,-

234 1553 310 1606 Dede
320 1552 398 1605 neci:
413 1552 509 1605 melior
518 1552 767 1621 vacudfineregnet
776 1550 805 1603 in
814 1552 882 1621 aula,
982 1555 1021 1612 90

234 1649 309 1700 Alter
321 1648 373 1699 erit
384 1648 495 1701 maculis
510 1665 575 1701 auro
585 1648 763 1717 squalentibus
777 1648 869 1700 ardens
881 1664 888 1699 :
963 1667 968 1671 ·

233 1745 324 1811 (Nam
331 1745 384 1796 duo
391 1745 451 1796 sunt
457 1746 619 1815 genera)hic
625 1746 736 1809 melior,
749 1743 962 1815 insignis&ore,

233 1841 266 1892 Et
277 1840 366 1893 rutilis
377 1843 460 1894 clarus
470 1841 585 1911 squamis
596 1862 602 1895 ι
613 1842 658 1894 ille
669 1841 792 1894 horridus
803 1843 870 1895 alter

232 1937 361 2002 Desidia,
376 1941 510 2007 latamque
526 1940 631 1990 trahens
648 1938 778 2007 inglorius
794 1939 896 2002 alvuru.

270 2035 309 2085 Ut
318 2033 386 2085 hinae
396 2051 488 2103 regum
497 2034 592 2096 facies,
605 2033 642 2085 ira
652 2050 765 2100 corpora
774 2032 871 2102 gentis.
982 2047 1015 2101 95

231 2131 358 2196 Namque
370 2129 428 2189 aliae
440 2143 530 2198 turpes
540 2130 670 2194 horrent,
686 2145 735 2180 ceu
744 2130 856 2196 pidvere
865 2129 897 2181 ab
906 2111 964 2183 alto

224 2225 307 2277 clun
317 2222 410 2286 venit,
427 2224 453 2275 δι
464 2239 561 2278 terram
572 2224 641 2276 ficco
654 2225 728 2293 spuit
737 2241 783 2277 ore
793 2224 882 2279 viator

231 2321 352 2375 Aridus:
365 2320 468 2372 elucent
479 2321 536 2373 aliae
549 2360 557 2384 ,
577 2322 603 2372 δι
617 2322 721 2391 fulgore
738 2320 896 2387 coruscant,

231 2420 365 2471 Ardentes
378 2433 443 2470 auro
456 2456 463 2481 ,
481 2417 508 2469 ὃ(
522 2417 627 2485 paribus
638 2418 685 2469 lita
696 2433 810 2486 corpora
821 2419 913 2487 guttis.
1032 2458 1036 2466 .

234 2517 301 2569 Haec
310 2513 403 2582 potior
413 2514 519 2566 soboles
531 2533 537 2565 :
548 2513 610 2565 hinc
622 2514 686 2567 coeli
698 2528 819 2583 tempore
830 2529 905 2569 certo
948 2492 956 2508 ⁹
982 2538 1035 2577 100

233 2610 333 2663 Drdcia
342 2612 421 2662 mella
432 2627 536 2678 premes
547 2629 556 2669 ·,
572 2627 622 2663 nec
632 2609 734 2664 tantum
744 2609 843 2672 dulcia,
855 2611 983 2679 quantum

233 2709 267 2764 Et
279 2707 380 2776 liquida
393 2746 400 2771 ,
418 2707 445 2759 δι
454 2709 548 2760 dutum
557 2708 654 2761 Bacchi
663 2706 796 2762 domitura
806 2706 937 2781 saporem,

270 2807 306 2861 At
316 2804 377 2858 ct'un
386 2802 487 2855 incerta
495 2805 591 2856 volant
598 2841 605 2866 ,
613 2805 738 2871 coeloque
745 2803 870 2871 matrina
878 2807 982 2871 ludunt,

236 2896 473 2968 Contemnuntque
485 2899 579 2963 savos,
591 2899 721 2969 &frigida
731 2899 800 2954 testa
810 2901 964 2973 relinquturt
975 2923 983 2964 ;
1004 2884 1010 2889 ’

234 2999 370 3054 Instabiles
388 2996 493 3051 animos
505 2997 568 3048 ludo
578 2995 729 3064 prohibebis
739 2995 820 3052 inani.
987 3002 1037 3055 105

234 3100 290 3155 Nec
304 3111 418 3168 magnus
430 3094 572 3167 prohibere
580 3095 655 3152 labor
668 3112 676 3157 '2
693 3109 722 3151 tu
731 3095 834 3171 regibus
847 3096 902 3153 alas
