2525 3934
329 479 356 552 4
508 446 884 531 Bucoircm

591 608 671 661 Trr
683 623 703 660 r
717 624 736 661 n
750 624 771 662 u
786 624 811 664 s.

323 705 354 759 >0
372 704 519 771 Meliboee,
535 708 610 759 Deus
626 707 703 760 nobis
718 708 775 760 hssaec
791 706 847 760 otia
861 706 937 761 fecit.
1045 728 1058 741 ·’

325 804 447 870 Namque
459 804 510 856 erit
528 804 573 857 ille
585 805 652 857 milri
668 806 770 874 semper
785 807 878 857 Deus:
890 805 965 858 illius
980 819 1048 858 aram

324 900 400 966 Saepe
416 914 492 952 tener
508 900 603 953 nostris
622 903 653 954 ab
669 901 785 954 ovilibus
803 900 905 952 imbuet
925 918 1021 970 agnus.

324 996 372 1047 Ille
391 1012 463 1048 meas
482 1012 567 1049 errare
583 998 669 1049 boves
686 1035 694 1061 ,
710 1010 739 1048 ut
757 996 860 1059 cernis,
878 997 905 1048 &
922 997 1012 1066 ipsum

270 1098 305 1136 to
323 1092 424 1146 Ludere
439 1111 498 1163 quae
515 1096 615 1147 vellem
633 1096 735 1146 calamo
751 1091 868 1162 permisit
883 1093 992 1163 agresti.

566 1191 599 1244 M
609 1206 628 1243 n
641 1206 657 1242 n
669 1205 682 1243 1
695 1206 712 1243 n
724 1203 749 1242 tt
761 1203 782 1242 u
796 1205 820 1242 s.

322 1290 387 1342 Non
397 1288 520 1359 equidem
529 1288 656 1353 invideo,
668 1289 752 1341 miror
762 1286 846 1357 magis
859 1305 865 1339 :
877 1288 1000 1359 undique
1009 1284 1062 1344 totis

321 1387 414 1456 Usque
429 1389 496 1441 adeo
511 1388 628 1440 mrbamr
644 1386 721 1456 agris.
738 1387 778 1436 En
792 1385 848 1454 ipse
865 1387 983 1453 capellas

321 1481 448 1535 Protinus
459 1501 527 1552 aeger
536 1501 587 1551 ago
599 1502 606 1535 ε
619 1485 686 1535 hanc
699 1483 781 1536 etiarn
790 1481 840 1534 vix
850 1522 857 1544 ,
868 1482 967 1552 Tityre
976 1485 1060 1548 ,duco

322 1577 375 1628 Hic
389 1577 459 1630 inter
473 1578 563 1631 densas
578 1582 688 1648 corylos
705 1577 786 1630 modo
796 1595 912 1646 namque
922 1583 1059 1649 gemellos,

267 1683 299 1734 15
321 1674 402 1742 Spem
416 1673 521 1743 gregis,
537 1675 586 1726 ah!
601 1672 671 1725 filice
689 1673 717 1725 in
732 1675 800 1725 nuda
818 1675 937 1727 connixa
953 1674 1058 1745 reliquit.

322 1771 399 1837 Saepe
415 1771 513 1820 malum
527 1769 580 1820 hoc
597 1767 723 1831 nobis,s1
735 1783 810 1819 mens
822 1769 1057 1830 nonlaevafuillet‚

320 1868 365 1920 De
381 1869 453 1920 coelo
471 1866 551 1918 radias
567 1865 678 1917 memini
693 1865 834 1933 praedicere
852 1883 984 1934 quercus:

321 1966 397 2032 Saepe
413 1960 511 2031 finistra
525 1979 589 2014 cava
600 1961 723 2031 praedixit
738 1963 769 2013 ab
785 1961 846 2013 ilice
861 1964 970 2018 cornix.

243 2045 245 2048 ⁵
322 2061 373 2112 Sed
383 2074 489 2121 tamen,
502 2058 548 2110 iste
558 2061 651 2121 Deus,
668 2059 713 2126 qui
723 2059 771 2122 fit,
788 2059 837 2121 da,
857 2057 971 2128 Tityre,
982 2057 1054 2112 nobis.
1090 2079 1096 2130 q

584 2157 792 2209 T1rruus.
925 2222 927 2226 Ι

265 2261 302 2299 20
320 2252 421 2305 Urbem
433 2267 512 2319 qunnr
524 2249 615 2302 dicunt
625 2251 758 2314 Romam,
771 2251 921 2318 Meliboee,
936 2251 1028 2323 putavi
1090 2266 1096 2313 Ῑ

321 2351 423 2422 Stultus
433 2364 485 2416 ego
494 2346 556 2397 huic
566 2345 660 2398 nostrae
670 2347 796 2408 fimilem,
807 2348 861 2415 qud
872 2349 942 2418 saepe
953 2352 1052 2405 solemus
1092 2361 1096 2368 ·

321 2444 439 2498 Pastores
451 2442 546 2495 ovium
555 2457 664 2494 teneros
677 2443 807 2509 depellere
816 2443 909 2498 foetus.

320 2541 365 2594 Sic
380 2539 486 2592 canibus
502 2540 603 2592 cantos
619 2536 735 2598 srmiles,
753 2538 787 2588 fic
799 2515 925 2593 matribui
934 2541 1027 2598 hoedos
1086 2555 1096 2605 1

320 2638 420 2690 Nbram
431 2654 438 2687 ι
451 2636 485 2687 stc
495 2634 584 2702 parvis
594 2650 757 2702 componere
766 2651 860 2703 magna
869 2636 999 2694 solebam:

266 2748 297 2799 25
319 2733 421 2786 Verium
429 2733 486 2784 haec
495 2731 597 2784 tantum
606 2730 670 2782 alias
681 2730 750 2781 inter
758 2745 836 2798 caput
845 2733 943 2785 extulit
951 2736 1038 2796 urbes,
1084 2754 1096 2804 f

321 2829 457 2897 Quantum
466 2832 536 2883 lenta
545 2829 631 2881 solent
641 2828 710 2881 inter
715 2828 827 2880 viburna
835 2829 957 2896 cupreffi.

565 2927 597 2978 M
609 2942 627 2979 n
640 2941 656 2977 r„
669 2914 681 2977 i
693 2941 709 2977 n
721 2938 746 2977 tu
758 2939 779 2977 u
791 2938 815 2979 s.

236 3040 238 3042 ·
321 3026 354 3078 lit
365 3041 423 3095 quae
432 3037 503 3079 tanta
514 3023 564 3077 fuit
574 3023 689 3077 Romam
700 3021 750 3076 tibi
758 3022 833 3075 causa
842 3020 975 3085 videndir
1086 3058 1095 3085 t
