<?xml version="1.0" encoding="UTF-8"?>
<!DOCTYPE html PUBLIC "-//W3C//DTD XHTML 1.0 Transitional//EN"
    "http://www.w3.org/TR/xhtml1/DTD/xhtml1-transitional.dtd">
<html xmlns="http://www.w3.org/1999/xhtml" xml:lang="en" lang="en">
 <head>
  <title>
</title>
<meta http-equiv="Content-Type" content="text/html;charset=utf-8" />
  <meta name='ocr-system' content='tesseract 3.04.00' />
  <meta name='ocr-capabilities' content='ocr_page ocr_carea ocr_par ocr_line ocrx_word'/>
</head>
<body>
  <div class='ocr_page' id='page_1' title='image "./publiivirgiliim01vegigoog/publiivirgiliim01vegigoog_0039.png"; bbox 0 0 2525 3934; ppageno 0'>
   <div class='ocr_carea' id='block_1_1' title="bbox 520 387 982 456">
    <p class='ocr_par' dir='ltr' id='par_1_1' title="bbox 520 387 982 456">
     <span class='ocr_line' id='line_1_1' title="bbox 520 387 982 456; baseline 0.011 -6"><span class='ocrx_word' id='word_1_1' title='bbox 520 388 709 456; x_wconf 78' lang='lat' dir='ltr'><em>VITA.</em></span> <span class='ocrx_word' id='word_1_2' title='bbox 928 387 982 455; x_wconf 82' lang='lat' dir='ltr'>xix</span> 
     </span>
    </p>
   </div>
   <div class='ocr_carea' id='block_1_2' title="bbox 178 522 997 3120">
    <p class='ocr_par' dir='ltr' id='par_1_2' title="bbox 178 522 997 3120">
     <span class='ocr_line' id='line_1_2' title="bbox 234 522 985 606; baseline 0 -22"><span class='ocrx_word' id='word_1_3' title='bbox 234 522 339 586; x_wconf 69' lang='lat' dir='ltr'>didam</span> <span class='ocrx_word' id='word_1_4' title='bbox 348 526 380 585; x_wconf 86' lang='lat' dir='ltr'>in</span> <span class='ocrx_word' id='word_1_5' title='bbox 388 525 595 605; x_wconf 84' lang='lat' dir='ltr'>manuhabeo.</span> <span class='ocrx_word' id='word_1_6' title='bbox 604 524 808 606; x_wconf 83' lang='lat' dir='ltr'>Majoreeninr</span> <span class='ocrx_word' id='word_1_7' title='bbox 818 525 884 587; x_wconf 74' lang='lat' dir='ltr'>curi</span> <span class='ocrx_word' id='word_1_8' title='bbox 894 527 985 587; x_wconf 87' lang='lat' dir='ltr'>virtu·</span> 
     </span>
     <span class='ocr_line' id='line_1_3' title="bbox 236 629 985 715; baseline 0.007 -29"><span class='ocrx_word' id='word_1_9' title='bbox 236 629 985 715; x_wconf 73' lang='lat' dir='ltr'>tiintendamaatquequbelegantioregoiiam,ed</span> 
     </span>
     <span class='ocr_line' id='line_1_4' title="bbox 239 732 983 817; baseline 0.007 -26"><span class='ocrx_word' id='word_1_10' title='bbox 239 732 440 794; x_wconf 77' lang='lat' dir='ltr'>vehementius</span> <span class='ocrx_word' id='word_1_11' title='bbox 457 735 566 796; x_wconf 67' lang='lat' dir='ltr'>invidia</span> <span class='ocrx_word' id='word_1_12' title='bbox 585 755 746 816; x_wconf 85' lang='lat' dir='ltr'>rumpetur.</span> <span class='ocrx_word' id='word_1_13' title='bbox 762 734 831 796; x_wconf 85' lang='lat' dir='ltr'>Erat</span> <span class='ocrx_word' id='word_1_14' title='bbox 848 732 983 817; x_wconf 83' lang='lat' dir='ltr'>Augusto</span> 
     </span>
     <span class='ocr_line' id='line_1_5' title="bbox 236 832 981 921; baseline 0.004 -26"><span class='ocrx_word' id='word_1_15' title='bbox 236 833 380 897; x_wconf 82' lang='lat' dir='ltr'>familiaris</span> <span class='ocrx_word' id='word_1_16' title='bbox 397 836 527 898; x_wconf 85' lang='lat' dir='ltr'>Philistus</span> <span class='ocrx_word' id='word_1_17' title='bbox 546 838 684 920; x_wconf 87' lang='lat' dir='ltr'>quidam,</span> <span class='ocrx_word' id='word_1_18' title='bbox 695 856 813 914; x_wconf 88' lang='lat' dir='ltr'>orator,</span> <span class='ocrx_word' id='word_1_19' title='bbox 828 841 861 901; x_wconf 80' lang='grc' dir='ltr'>δι</span> <span class='ocrx_word' id='word_1_20' title='bbox 879 832 981 921; x_wconf 73' lang='lat' dir='ltr'>podsrn</span> 
     </span>
     <span class='ocr_line' id='line_1_6' title="bbox 235 941 983 1024; baseline 0.005 -24"><span class='ocrx_word' id='word_1_21' title='bbox 235 941 423 1001; x_wconf 80' lang='lat' dir='ltr'>mediocriter</span> <span class='ocrx_word' id='word_1_22' title='bbox 446 941 548 1002; x_wconf 71' lang='lat' dir='ltr'>dotius</span> <span class='ocrx_word' id='word_1_23' title='bbox 561 987 571 1016; x_wconf 85' lang='lat'>‚</span> <span class='ocrx_word' id='word_1_24' title='bbox 586 944 631 1001; x_wconf 89' lang='lat' dir='ltr'>cui</span> <span class='ocrx_word' id='word_1_25' title='bbox 640 943 794 1024; x_wconf 83' lang='lat' dir='ltr'>multiplex</span> <span class='ocrx_word' id='word_1_26' title='bbox 811 946 983 1024; x_wconf 83' lang='lat' dir='ltr'>variumque</span> 
     </span>
     <span class='ocr_line' id='line_1_7' title="bbox 233 1045 983 1128; baseline 0 -24"><span class='ocrx_word' id='word_1_27' title='bbox 233 1047 386 1128; x_wconf 83' lang='lat' dir='ltr'>ingenium</span> <span class='ocrx_word' id='word_1_28' title='bbox 396 1065 458 1106; x_wconf 83' lang='lat' dir='ltr'>erat</span> <span class='ocrx_word' id='word_1_29' title='bbox 468 1091 478 1119; x_wconf 91' lang='lat'>‚</span> <span class='ocrx_word' id='word_1_30' title='bbox 488 1049 593 1127; x_wconf 90' lang='lat' dir='ltr'>quique</span> <span class='ocrx_word' id='word_1_31' title='bbox 604 1051 735 1107; x_wconf 90' lang='lat' dir='ltr'>omnium</span> <span class='ocrx_word' id='word_1_32' title='bbox 744 1048 845 1106; x_wconf 83' lang='lat' dir='ltr'>omnia</span> <span class='ocrx_word' id='word_1_33' title='bbox 854 1045 929 1106; x_wconf 62' lang='lat' dir='ltr'>dicta</span> <span class='ocrx_word' id='word_1_34' title='bbox 937 1065 983 1105; x_wconf 91' lang='lat' dir='ltr'>re·</span> 
     </span>
     <span class='ocr_line' id='line_1_8' title="bbox 179 1144 984 1230; baseline -0.001 -22"><span class='ocrx_word' id='word_1_35' title='bbox 179 1170 182 1187; x_wconf 78' lang='lat'>¹</span> <span class='ocrx_word' id='word_1_36' title='bbox 235 1149 422 1230; x_wconf 85' lang='lat' dir='ltr'>prehendere</span> <span class='ocrx_word' id='word_1_37' title='bbox 433 1144 614 1223; x_wconf 82' lang='lat' dir='ltr'>conabatur3</span> <span class='ocrx_word' id='word_1_38' title='bbox 632 1172 692 1210; x_wconf 87' lang='lat' dir='ltr'>non</span> <span class='ocrx_word' id='word_1_39' title='bbox 703 1168 734 1210; x_wconf 91' lang='lat' dir='ltr'>ut</span> <span class='ocrx_word' id='word_1_40' title='bbox 744 1171 846 1211; x_wconf 86' lang='lat' dir='ltr'>verum</span> <span class='ocrx_word' id='word_1_41' title='bbox 865 1146 984 1230; x_wconf 87' lang='lat' dir='ltr'>dignos·</span> 
     </span>
     <span class='ocr_line' id='line_1_9' title="bbox 237 1250 983 1334; baseline 0 -22"><span class='ocrx_word' id='word_1_42' title='bbox 237 1270 339 1327; x_wconf 85' lang='lat' dir='ltr'>cerer,</span> <span class='ocrx_word' id='word_1_43' title='bbox 354 1252 435 1334; x_wconf 91' lang='lat' dir='ltr'>quod</span> <span class='ocrx_word' id='word_1_44' title='bbox 449 1251 583 1314; x_wconf 84' lang='lat' dir='ltr'>Socrates</span> <span class='ocrx_word' id='word_1_45' title='bbox 594 1253 691 1315; x_wconf 87' lang='lat' dir='ltr'>facere</span> <span class='ocrx_word' id='word_1_46' title='bbox 702 1252 851 1314; x_wconf 85' lang='lat' dir='ltr'>consuevit</span> <span class='ocrx_word' id='word_1_47' title='bbox 862 1250 932 1326; x_wconf 83' lang='lat' dir='ltr'>,sed</span> <span class='ocrx_word' id='word_1_48' title='bbox 950 1268 983 1312; x_wconf 92' lang='lat' dir='ltr'>ut</span> 
     </span>
     <span class='ocr_line' id='line_1_10' title="bbox 237 1345 986 1438; baseline -0.001 -20"><span class='ocrx_word' id='word_1_49' title='bbox 237 1358 380 1418; x_wconf 89' lang='lat' dir='ltr'>eruditior</span> <span class='ocrx_word' id='word_1_50' title='bbox 386 1345 545 1419; x_wconf 77' lang='lat' dir='ltr'>videretur.</span> <span class='ocrx_word' id='word_1_51' title='bbox 554 1356 610 1416; x_wconf 83' lang='lat' dir='ltr'>Hic</span> <span class='ocrx_word' id='word_1_52' title='bbox 619 1357 775 1438; x_wconf 84' lang='lat' dir='ltr'>Virgilium</span> <span class='ocrx_word' id='word_1_53' title='bbox 788 1401 798 1429; x_wconf 88' lang='lat'><strong>‚</strong></span> <span class='ocrx_word' id='word_1_54' title='bbox 809 1357 986 1438; x_wconf 83' lang='lat' dir='ltr'>ubicumque</span> 
     </span>
     <span class='ocr_line' id='line_1_11' title="bbox 237 1457 984 1541; baseline 0 -21"><span class='ocrx_word' id='word_1_55' title='bbox 237 1464 399 1524; x_wconf 84' lang='lat' dir='ltr'>convenire</span> <span class='ocrx_word' id='word_1_56' title='bbox 413 1462 554 1535; x_wconf 87' lang='lat' dir='ltr'>dabatur,</span> <span class='ocrx_word' id='word_1_57' title='bbox 572 1461 729 1522; x_wconf 71' lang='lat' dir='ltr'>maledidis</span> <span class='ocrx_word' id='word_1_58' title='bbox 742 1457 984 1541; x_wconf 83' lang='lat' dir='ltr'>,salibusqueve-</span> 
     </span>
     <span class='ocr_line' id='line_1_12' title="bbox 236 1563 984 1646; baseline -0.001 -20"><span class='ocrx_word' id='word_1_59' title='bbox 236 1567 334 1626; x_wconf 86' lang='lat' dir='ltr'>xabat.</span> <span class='ocrx_word' id='word_1_60' title='bbox 348 1563 454 1645; x_wconf 86' lang='lat' dir='ltr'>Quare</span> <span class='ocrx_word' id='word_1_61' title='bbox 465 1565 515 1626; x_wconf 87' lang='lat' dir='ltr'>ille</span> <span class='ocrx_word' id='word_1_62' title='bbox 529 1563 605 1646; x_wconf 89' lang='lat' dir='ltr'>saepe</span> <span class='ocrx_word' id='word_1_63' title='bbox 615 1583 663 1626; x_wconf 85' lang='lat' dir='ltr'>aut</span> <span class='ocrx_word' id='word_1_64' title='bbox 672 1564 842 1625; x_wconf 83' lang='lat' dir='ltr'>tacibundus</span> <span class='ocrx_word' id='word_1_65' title='bbox 851 1563 984 1625; x_wconf 86' lang='lat' dir='ltr'>discede-</span> 
     </span>
     <span class='ocr_line' id='line_1_13' title="bbox 236 1666 986 1751; baseline -0.005 -20"><span class='ocrx_word' id='word_1_66' title='bbox 236 1671 308 1746; x_wconf 88' lang='lat' dir='ltr'>bat,</span> <span class='ocrx_word' id='word_1_67' title='bbox 324 1686 375 1730; x_wconf 88' lang='lat' dir='ltr'>aut</span> <span class='ocrx_word' id='word_1_68' title='bbox 384 1666 497 1729; x_wconf 84' lang='lat' dir='ltr'>suffusus</span> <span class='ocrx_word' id='word_1_69' title='bbox 507 1670 620 1751; x_wconf 86' lang='lat' dir='ltr'>pudore</span> <span class='ocrx_word' id='word_1_70' title='bbox 635 1669 904 1743; x_wconf 74' lang='lat' dir='ltr'>tacebanVerinn,</span> <span class='ocrx_word' id='word_1_71' title='bbox 917 1670 986 1728; x_wconf 76' lang='lat' dir='ltr'>curn</span> 
     </span>
     <span class='ocr_line' id='line_1_14' title="bbox 239 1773 986 1858; baseline -0.001 -24"><span class='ocrx_word' id='word_1_72' title='bbox 239 1773 374 1858; x_wconf 78' lang='lat' dir='ltr'>Augusto</span> <span class='ocrx_word' id='word_1_73' title='bbox 388 1774 542 1850; x_wconf 80' lang='lat' dir='ltr'>audiente,</span> <span class='ocrx_word' id='word_1_74' title='bbox 556 1777 700 1858; x_wconf 78' lang='lat' dir='ltr'>elinguem</span> <span class='ocrx_word' id='word_1_75' title='bbox 719 1775 799 1835; x_wconf 84' lang='lat' dir='ltr'>illurn</span> <span class='ocrx_word' id='word_1_76' title='bbox 812 1774 921 1836; x_wconf 85' lang='lat' dir='ltr'>diceret</span> <span class='ocrx_word' id='word_1_77' title='bbox 932 1818 942 1847; x_wconf 92' lang='lat'>,</span> <span class='ocrx_word' id='word_1_78' title='bbox 953 1773 986 1833; x_wconf 77' lang='grc' dir='ltr'>δι</span> 
     </span>
     <span class='ocr_line' id='line_1_15' title="bbox 238 1876 987 1962; baseline -0.001 -24"><span class='ocrx_word' id='word_1_79' title='bbox 238 1876 987 1962; x_wconf 80' lang='lat' dir='ltr'>causametianrsuam,tilinguamhaberet‚defen·</span> 
     </span>
     <span class='ocr_line' id='line_1_16' title="bbox 239 1980 986 2063; baseline 0.001 -21"><span class='ocrx_word' id='word_1_80' title='bbox 239 1981 308 2044; x_wconf 90' lang='lat' dir='ltr'>dete</span> <span class='ocrx_word' id='word_1_81' title='bbox 322 1982 444 2063; x_wconf 91' lang='lat' dir='ltr'>nequire</span> <span class='ocrx_word' id='word_1_82' title='bbox 456 1980 554 2042; x_wconf 85' lang='lat' dir='ltr'>:Tace</span> <span class='ocrx_word' id='word_1_83' title='bbox 564 2027 575 2056; x_wconf 88' lang='lat'>‚</span> <span class='ocrx_word' id='word_1_84' title='bbox 584 1984 696 2063; x_wconf 87' lang='lat' dir='ltr'>inquit,</span> <span class='ocrx_word' id='word_1_85' title='bbox 709 1981 818 2043; x_wconf 86' lang='lat' dir='ltr'>rabula.</span> <span class='ocrx_word' id='word_1_86' title='bbox 834 1981 912 2042; x_wconf 87' lang='lat' dir='ltr'>Nam</span> <span class='ocrx_word' id='word_1_87' title='bbox 924 1980 986 2043; x_wconf 82' lang='lat' dir='ltr'>haec</span> 
     </span>
     <span class='ocr_line' id='line_1_17' title="bbox 240 2085 988 2148; baseline 0.001 -2"><span class='ocrx_word' id='word_1_88' title='bbox 240 2106 306 2147; x_wconf 82' lang='lat' dir='ltr'>mea</span> <span class='ocrx_word' id='word_1_89' title='bbox 315 2088 494 2146; x_wconf 83' lang='lat' dir='ltr'>taciturnitas</span> <span class='ocrx_word' id='word_1_90' title='bbox 508 2085 691 2147; x_wconf 81' lang='lat' dir='ltr'>defensorem</span> <span class='ocrx_word' id='word_1_91' title='bbox 700 2085 845 2148; x_wconf 86' lang='lat' dir='ltr'>causarum</span> <span class='ocrx_word' id='word_1_92' title='bbox 854 2106 988 2147; x_wconf 86' lang='lat' dir='ltr'>meatum</span> 
     </span>
     <span class='ocr_line' id='line_1_18' title="bbox 242 2187 987 2272; baseline 0.005 -24"><span class='ocrx_word' id='word_1_93' title='bbox 242 2187 403 2272; x_wconf 80' lang='lat' dir='ltr'>Augustum</span> <span class='ocrx_word' id='word_1_94' title='bbox 418 2189 488 2251; x_wconf 83' lang='lat' dir='ltr'>fecit</span> <span class='ocrx_word' id='word_1_95' title='bbox 509 2192 542 2250; x_wconf 75' lang='grc' dir='ltr'>δι</span> <span class='ocrx_word' id='word_1_96' title='bbox 562 2190 776 2252; x_wconf 75' lang='lat' dir='ltr'>Maecenatem:</span> <span class='ocrx_word' id='word_1_97' title='bbox 792 2192 825 2253; x_wconf 89' lang='lat'>&amp;</span> <span class='ocrx_word' id='word_1_98' title='bbox 844 2191 880 2252; x_wconf 76' lang='lat' dir='ltr'>ei</span> <span class='ocrx_word' id='word_1_99' title='bbox 894 2191 987 2265; x_wconf 73' lang='lat' dir='ltr'>tubi,</span> 
     </span>
     <span class='ocr_line' id='line_1_19' title="bbox 244 2295 987 2376; baseline 0.005 -23"><span class='ocrx_word' id='word_1_100' title='bbox 244 2295 307 2354; x_wconf 78' lang='lat' dir='ltr'>cum</span> <span class='ocrx_word' id='word_1_101' title='bbox 323 2295 419 2369; x_wconf 89' lang='lat' dir='ltr'><strong>volo,</strong></span> <span class='ocrx_word' id='word_1_102' title='bbox 436 2295 543 2376; x_wconf 87' lang='lat' dir='ltr'>loquor</span> <span class='ocrx_word' id='word_1_103' title='bbox 559 2338 569 2368; x_wconf 94' lang='lat'>,</span> <span class='ocrx_word' id='word_1_104' title='bbox 588 2308 653 2376; x_wconf 75' lang='lat' dir='ltr'>quae</span> <span class='ocrx_word' id='word_1_105' title='bbox 666 2296 773 2376; x_wconf 88' lang='lat' dir='ltr'>ubique</span> <span class='ocrx_word' id='word_1_106' title='bbox 788 2295 820 2356; x_wconf 86' lang='lat'>&amp;</span> <span class='ocrx_word' id='word_1_107' title='bbox 835 2295 987 2357; x_wconf 75' lang='lat' dir='ltr'>diutiffime</span> 
     </span>
     <span class='ocr_line' id='line_1_20' title="bbox 243 2395 990 2479; baseline -0.001 -22"><span class='ocrx_word' id='word_1_108' title='bbox 243 2398 385 2459; x_wconf 85' lang='lat' dir='ltr'>audietur.</span> <span class='ocrx_word' id='word_1_109' title='bbox 393 2395 441 2458; x_wconf 93' lang='lat' dir='ltr'>Tu</span> <span class='ocrx_word' id='word_1_110' title='bbox 451 2398 626 2479; x_wconf 86' lang='lat' dir='ltr'>loquacitate</span> <span class='ocrx_word' id='word_1_111' title='bbox 635 2400 792 2460; x_wconf 74' lang='lat' dir='ltr'>nonmodb</span> <span class='ocrx_word' id='word_1_112' title='bbox 802 2419 885 2460; x_wconf 75' lang='lat' dir='ltr'>aurea</span> <span class='ocrx_word' id='word_1_113' title='bbox 893 2399 990 2458; x_wconf 82' lang='lat' dir='ltr'>horni-</span> 
     </span>
     <span class='ocr_line' id='line_1_21' title="bbox 244 2499 992 2584; baseline 0 -23"><span class='ocrx_word' id='word_1_114' title='bbox 244 2520 334 2575; x_wconf 78' lang='lat' dir='ltr'>num,</span> <span class='ocrx_word' id='word_1_115' title='bbox 352 2499 404 2561; x_wconf 88' lang='lat' dir='ltr'>sed</span> <span class='ocrx_word' id='word_1_116' title='bbox 414 2521 512 2561; x_wconf 85' lang='lat' dir='ltr'>muros</span> <span class='ocrx_word' id='word_1_117' title='bbox 521 2503 640 2582; x_wconf 84' lang='lat' dir='ltr'>rumpia.</span> <span class='ocrx_word' id='word_1_118' title='bbox 650 2499 794 2584; x_wconf 82' lang='lat' dir='ltr'>Augustus</span> <span class='ocrx_word' id='word_1_119' title='bbox 803 2504 878 2564; x_wconf 75' lang='lat' dir='ltr'>verb</span> <span class='ocrx_word' id='word_1_120' title='bbox 889 2502 992 2563; x_wconf 86' lang='lat' dir='ltr'>Philis-</span> 
     </span>
     <span class='ocr_line' id='line_1_22' title="bbox 245 2604 992 2688; baseline 0.005 -26"><span class='ocrx_word' id='word_1_121' title='bbox 245 2621 306 2664; x_wconf 87' lang='lat' dir='ltr'>tum</span> <span class='ocrx_word' id='word_1_122' title='bbox 329 2605 411 2686; x_wconf 84' lang='lat' dir='ltr'>gravi</span> <span class='ocrx_word' id='word_1_123' title='bbox 432 2604 515 2667; x_wconf 83' lang='lat' dir='ltr'>vultu</span> <span class='ocrx_word' id='word_1_124' title='bbox 536 2607 707 2688; x_wconf 86' lang='lat' dir='ltr'>increpavit.</span> <span class='ocrx_word' id='word_1_125' title='bbox 731 2604 817 2666; x_wconf 83' lang='lat' dir='ltr'>Tunc</span> <span class='ocrx_word' id='word_1_126' title='bbox 840 2605 946 2668; x_wconf 86' lang='lat' dir='ltr'>Maro:</span> <span class='ocrx_word' id='word_1_127' title='bbox 960 2606 992 2666; x_wconf 83' lang='lat' dir='ltr'>Si</span> 
     </span>
     <span class='ocr_line' id='line_1_23' title="bbox 178 2703 991 2791; baseline -0.002 -20"><span class='ocrx_word' id='word_1_128' title='bbox 178 2765 180 2771; x_wconf 26' lang='lat'><strong>⁴</strong></span> <span class='ocrx_word' id='word_1_129' title='bbox 248 2722 360 2789; x_wconf 85' lang='lat' dir='ltr'>tempus</span> <span class='ocrx_word' id='word_1_130' title='bbox 370 2751 381 2781; x_wconf 92' lang='lat'>,</span> <span class='ocrx_word' id='word_1_131' title='bbox 390 2703 504 2778; x_wconf 86' lang='lat' dir='ltr'>Caesar,</span> <span class='ocrx_word' id='word_1_132' title='bbox 512 2710 604 2791; x_wconf 89' lang='lat' dir='ltr'>inquit</span> <span class='ocrx_word' id='word_1_133' title='bbox 612 2754 621 2785; x_wconf 91' lang='lat'>‚</span> <span class='ocrx_word' id='word_1_134' title='bbox 630 2711 746 2773; x_wconf 89' lang='lat' dir='ltr'>tacendi</span> <span class='ocrx_word' id='word_1_135' title='bbox 757 2711 802 2770; x_wconf 92' lang='lat' dir='ltr'>hic</span> <span class='ocrx_word' id='word_1_136' title='bbox 812 2711 914 2782; x_wconf 88' lang='lat' dir='ltr'>sciret,</span> <span class='ocrx_word' id='word_1_137' title='bbox 925 2711 991 2770; x_wconf 73' lang='lat' dir='ltr'>rari)</span> 
     </span>
     <span class='ocr_line' id='line_1_24' title="bbox 178 2800 993 2906; baseline 0.007 -37"><span class='ocrx_word' id='word_1_138' title='bbox 178 2856 187 2906; x_wconf 39' lang='grc' dir='ltr'>,ί</span> <span class='ocrx_word' id='word_1_139' title='bbox 251 2810 424 2893; x_wconf 82' lang='lat' dir='ltr'>loquetetur.</span> <span class='ocrx_word' id='word_1_140' title='bbox 442 2800 621 2874; x_wconf 82' lang='lat' dir='ltr'>Tacendum</span> <span class='ocrx_word' id='word_1_141' title='bbox 635 2815 713 2875; x_wconf 88' lang='lat' dir='ltr'>enim</span> <span class='ocrx_word' id='word_1_142' title='bbox 732 2813 846 2899; x_wconf 84' lang='lat' dir='ltr'>semper</span> <span class='ocrx_word' id='word_1_143' title='bbox 863 2813 904 2876; x_wconf 75' lang='lat' dir='ltr'>est</span> <span class='ocrx_word' id='word_1_144' title='bbox 918 2859 927 2888; x_wconf 91' lang='lat'>‚</span> <span class='ocrx_word' id='word_1_145' title='bbox 939 2815 993 2875; x_wconf 77' lang='lat' dir='ltr'>nist</span> 
     </span>
     <span class='ocr_line' id='line_1_25' title="bbox 254 2915 993 2999; baseline -0.003 -19"><span class='ocrx_word' id='word_1_146' title='bbox 254 2916 313 2980; x_wconf 67' lang='lat' dir='ltr'>tiam</span> <span class='ocrx_word' id='word_1_147' title='bbox 322 2915 498 2977; x_wconf 85' lang='lat' dir='ltr'>taciturnitas</span> <span class='ocrx_word' id='word_1_148' title='bbox 509 2915 560 2975; x_wconf 89' lang='lat' dir='ltr'>tibi</span> <span class='ocrx_word' id='word_1_149' title='bbox 570 2933 736 2992; x_wconf 88' lang='lat' dir='ltr'>noceat,aut</span> <span class='ocrx_word' id='word_1_150' title='bbox 748 2922 843 2980; x_wconf 85' lang='lat' dir='ltr'>oratio</span> <span class='ocrx_word' id='word_1_151' title='bbox 853 2919 913 2980; x_wconf 81' lang='lat' dir='ltr'>aliis</span> <span class='ocrx_word' id='word_1_152' title='bbox 920 2940 993 2999; x_wconf 89' lang='lat' dir='ltr'>pro·</span> 
     </span>
     <span class='ocr_line' id='line_1_26' title="bbox 178 3006 997 3120; baseline 0.004 -42"><span class='ocrx_word' id='word_1_153' title='bbox 178 3006 216 3120; x_wconf 33' lang='grc' dir='ltr'>ἐι.</span> <span class='ocrx_word' id='word_1_154' title='bbox 244 3014 291 3079; x_wconf 69' lang='lat' dir='ltr'>it.</span> <span class='ocrx_word' id='word_1_155' title='bbox 303 3017 380 3082; x_wconf 84' lang='lat' dir='ltr'>Nam</span> <span class='ocrx_word' id='word_1_156' title='bbox 395 3020 624 3103; x_wconf 79' lang='lat' dir='ltr'>quicomendit,</span> <span class='ocrx_word' id='word_1_157' title='bbox 638 3023 668 3084; x_wconf 75' lang='grc' dir='ltr'>δι</span> <span class='ocrx_word' id='word_1_158' title='bbox 680 3045 715 3087; x_wconf 90' lang='lat' dir='ltr'>an</span> <span class='ocrx_word' id='word_1_159' title='bbox 726 3022 920 3086; x_wconf 72' lang='lat' dir='ltr'>contentionis</span> <span class='ocrx_word' id='word_1_160' title='bbox 929 3020 997 3082; x_wconf 74' lang='lat' dir='ltr'>finis</span> 
     </span>
    </p>
   </div>
   <div class='ocr_carea' id='block_1_3' title="bbox 0 0 1286 3934">
    <p class='ocr_par' dir='ltr' id='par_1_3' title="bbox 0 0 1286 3934">
     <span class='ocr_line' id='line_1_27' title="bbox 0 0 1286 3934; baseline 0 0"><span class='ocrx_word' id='word_1_161' title='bbox 0 0 1286 3934; x_wconf 95' lang='lat' dir='ltr'> </span> 
     </span>
    </p>
   </div>
  </div>
 </body>
</html>
