2525 3934
360 566 663 714 ‘errr
716 626 802 713 VJ.
893 653 967 736 295

228 798 322 863 Quem
329 798 429 853 socium
434 800 585 854 exanimem
592 814 677 862 vates,
686 799 757 866 quod
762 789 1028 864 corpushumandum

229 884 352 950 Diceret
363 897 449 967 Atque
458 898 499 950 illi
508 897 643 949 Misenum
655 895 684 947 in
695 896 785 946 littore
795 891 863 943 ficco
874 929 882 954 ‚

231 994 274 1045 Ut
287 1009 382 1046 venere
392 1033 400 1057 ‚
412 995 506 1045 vident
517 991 625 1061 indignd
636 1007 723 1044 morte
732 1003 899 1059 peremptum
909 1005 918 1047 ·‚

232 1087 367 1142 Misenum
377 1087 517 1152 AEoliden‚
529 1105 584 1156 quo
596 1104 653 1140 non
664 1086 827 1156 prestantior
837 1087 903 1137 alter
998 1111 1000 1116 ·

230 1185 296 1239 AEre
306 1187 375 1239 ciere
386 1185 478 1249 viros,
489 1186 657 1254 Martemque
669 1187 809 1238 accendere
818 1182 905 1236 cantu.
980 1173 1028 1238 1⁶5

231 1281 360 1334 Hectoris
371 1280 415 1332 hic
426 1283 514 1352 magni
524 1283 608 1335 fuerat
619 1298 710 1334 comes
728 1300 735 1334 :
752 1279 868 1332 Hedera
877 1276 976 1330 circum

232 1380 269 1430 Et
279 1378 348 1430 lituo
360 1394 459 1446 pugnas
471 1378 579 1449 insignis
589 1379 679 1431 obibat
692 1379 717 1429 ἃ
727 1376 807 1430 hastd.

234 1472 377 1543 Postquam
386 1474 462 1526 illum
469 1473 558 1527 victor
566 1475 624 1528 vitd
636 1473 762 1543 spoliavit
773 1471 889 1526 Achilles
900 1508 908 1534 ‚

236 1570 371 1623 Dardanio
384 1572 474 1625 AEneae
486 1572 540 1624 sese
551 1570 704 1626 fortissimus
715 1572 795 1623 heros

237 1668 378 1720 Addiderat
389 1667 490 1720 socium
503 1707 511 1732 ‚
527 1685 584 1720 non
596 1667 722 1720 inferiora
735 1665 847 1718 secutus.
983 1675 1034 1726 170

238 1763 289 1814 Sed
298 1777 355 1814 tum
366 1763 436 1816 forte
448 1763 513 1817 cavd
522 1765 584 1816 dum
594 1756 724 1832 personat
729 1775 836 1831 aquom
845 1758 960 1827 conchd,

238 1861 358 1914 Demens
369 1861 395 1912 δι
406 1874 485 1911 cantu
493 1875 573 1912 vocat
582 1860 611 1911 in
620 1859 763 1911 certamina
771 1857 861 1911 Divos
871 1876 880 1919 3

237 1955 359 2008 AEmtdus
369 1969 510 2023 exceptum
519 1955 616 2024 Triton
626 1995 635 2020 ‚
645 1956 664 2008 fi
675 1957 779 2010 credere
788 1955 897 2026 dignum
907 1956 943 2009 est
953 1996 961 2020 ,

203 2087 208 2098 .
237 2054 311 2104 Inter
319 2051 381 2104 saxa
389 2051 478 2105 virurn
487 2051 611 2120 spumosfi
621 2051 783 2106 immerserat
791 2051 871 2105 undd.

238 2150 309 2216 Ergo
321 2165 415 2202 omnes
425 2166 522 2220 magno
534 2150 634 2201 circum
645 2151 760 2200 clamore
770 2148 934 2212 fremebant,
987 2164 1035 2215 175

239 2243 375 2310 Praecipue
384 2246 445 2313 pius
455 2245 562 2296 AEneas.
572 2244 643 2295 Tum
655 2242 719 2309 jussa
726 2245 850 2315 Sibylla,

240 2339 321 2392 Haud
331 2355 421 2402 mora,
430 2339 552 2393 festinant
563 2339 658 2393 flentes
670 2358 679 2401 ·‚
691 2358 813 2410 aramque
826 2341 938 2410 sepulcri

241 2440 396 2505 Congerere
405 2436 540 2488 arboribus
553 2475 561 2500 ‚
574 2437 698 2506 coeloque
711 2438 820 2491 educere
831 2451 942 2495 certant.
1053 2467 1056 2479 ·

238 2537 298 2589 Itur
310 2533 340 2584 in
351 2531 488 2601 antiquam
499 2533 622 2602 sylvam,
634 2533 729 2587 stabula
743 2536 795 2587 alta
803 2535 936 2590 sermm:

238 2631 422 2685 Procumbunt
431 2631 515 2700 picea
528 2649 535 2683 s
548 2631 625 2683 sonat
636 2631 688 2683 iua
699 2631 831 2685 securibus
842 2633 915 2699 ilex,
991 2637 1043 2686 180

240 2730 432 2799 Fraxineaeque
442 2730 548 2789 trabem
564 2727 655 2780 cuneis
667 2726 779 2782 &fissile
789 2731 869 2783 robur
1001 2708 1003 2713 ’

242 2825 375 2876 Scinditur
389 2845 396 2877 ι
409 2828 557 2879 advolvunt
569 2825 691 2896 ingentes
703 2826 840 2879 montibus
850 2843 945 2882 ornos.

242 2925 368 2975 Necnon
375 2921 471 2974 AEneas
482 2938 564 2990 opera
572 2923 643 2975 inter
651 2921 714 2975 talia
723 2921 824 2990 primus

244 3021 376 3072 Hortatur
387 3016 475 3071 socios
486 3056 494 3082 ,
507 3018 664 3088 paribusque
673 3017 819 3088 accingitur
827 3019 924 3084 armis:

242 3119 332 3186 Atque
343 3115 401 3168 haec
412 3113 468 3181 ipse
476 3113 525 3167 suo
535 3113 601 3168 tristi
612 3131 673 3168 cum
685 3117 764 3168 corde
775 3119 897 3183 volutat,
945 3190 946 3194 ἵ
993 3122 1040 3185 185

243 3212 388 3283 Aspedlans
403 3211 507 3281 sylvam
517 3211 689 3278 immensam,
707 3214 734 3265 ἃ
745 3214 779 3266 lic
791 3232 838 3268 ore
849 3230 986 3284 precatur:

246 3308 276 3364 Si
284 3325 355 3362 nuuc
366 3308 393 3362 se
404 3307 482 3362 nobis
491 3308 537 3362 ille
548 3324 642 3363 aureus
653 3309 746 3364 arbore
757 3326 844 3362 tamus

825 3405 851 3455 N
870 3404 899 3457 iv
