2525 3934
412 405 655 495 'Lirem
705 408 778 493 II.
911 405 966 512 69

224 571 321 624 Plantae
329 570 696 644 immittunturzneclongum
705 587 824 642 tempus,
836 572 862 624 δι
872 569 963 641 ingens
984 562 1020 611 80

226 669 299 720 Exiit
309 671 341 721 ad
352 671 451 722 coelum
463 670 542 722 ramis
552 671 672 723 felicibus
682 672 777 733 arbos,

226 767 393 836 Miraturque
403 783 487 819 novas
499 767 624 830 frondes,
638 767 664 818 &
675 783 731 819 non
745 766 790 819 sua
798 782 888 834 poma.

261 863 391 917 Praeterea
402 880 484 933 genus
493 866 653 916 baudunum
666 904 673 928 ,
689 879 738 917 nec
748 864 860 917 sortibus
868 860 947 916 ulmis
960 899 968 926 ,

226 962 282 1013 Nec
291 962 365 1014 salici
375 1001 383 1025 ,
395 962 508 1029 lotoque
520 1000 527 1024 ,
540 977 588 1013 trec
598 961 673 1013 ldaeis
682 959 825 1030 cypariffis.

229 1059 285 1110 Nec
294 1058 408 1127 pingues
418 1073 499 1108 unam
509 1056 641 1109 infaciem
652 1057 791 1108 nascuntur
800 1055 897 1119 olive,
990 1049 1022 1114 85

230 1152 356 1206 Otcbites
367 1192 375 1216 ,
392 1153 418 1204 δι
429 1152 495 1203 radii
506 1191 514 1214 ,
533 1153 559 1204 ἃ
568 1152 655 1204 amari
665 1152 751 1220 pausla
761 1152 856 1216 bacci,

227 1249 365 1317 Pomaque
378 1288 385 1311 ,
403 1248 429 1300 &
440 1247 547 1299 Alcinoi
557 1248 641 1316 sylvae
653 1267 660 1301 ε
673 1264 722 1300 nec
735 1248 852 1300 surculus
864 1247 934 1300 idem

230 1344 387 1398 Crustumiis
398 1383 406 1407 ,
416 1344 549 1412 Syriisque
559 1344 634 1412 pyris
646 1384 653 1406 ‚
664 1345 836 1413 gravibusque
845 1343 970 1398 volemis.

227 1443 293 1493 Non
302 1442 393 1493 eadem
404 1439 539 1492 arboribus
549 1441 646 1507 pendet
654 1438 789 1491 vindemia
800 1437 909 1502 nostris,

227 1537 317 1603 Quam
331 1537 515 1605 Methymnao
531 1534 615 1602 carpit
623 1537 656 1586 de
667 1535 775 1603 palmite
785 1535 893 1590 Lesbos.
991 1547 1027 1600 90

227 1635 297 1686 Sunt
306 1633 404 1685 Thafiae
414 1632 485 1685 vites
496 1672 504 1695 ,
520 1632 580 1683 sunt
592 1632 618 1682 &
629 1631 791 1684 Mareotides
803 1632 883 1686 albe:

224 1714 373 1797 pinguibus
384 1729 423 1779 hae
434 1727 509 1780 terris
518 1728 616 1780 habiles
627 1767 635 1791 ‚
649 1727 794 1781 levioribus
804 1727 867 1782 illa.

226 1827 260 1876 Et
272 1822 346 1893 paffo
356 1822 462 1893 Psyrhia
470 1823 563 1876 utilior
573 1818 730 1893 ‚'tenuisque
741 1826 843 1896 Lageos

225 1924 371 1975 Tentamra
381 1921 460 1988 pedes
473 1921 540 1972 olim
550 1960 557 1984 ,
567 1920 740 1990 vincturaque
750 1923 883 1992 linguam

226 2020 367 2088 Purpurea
379 2056 386 2081 ,
402 2016 547 2085 pteciaeque
560 2034 568 2067 ι
579 2017 605 2068 &
617 2033 671 2085 quo
681 2031 707 2068 te
718 2017 833 2069 carmine
843 2018 926 2070 dicam
938 2056 945 2082 ,
990 2031 1022 2086 95

225 2108 343 2169 Rbetica
352 2117 362 2168 ἓ
372 2130 421 2166 nec
433 2113 506 2166 cellis
517 2113 577 2165 ideo
587 2117 717 2166 contende
727 2113 852 2167 Falernis.

227 2214 296 2265 Sunt
307 2212 388 2264 etiam
398 2211 542 2263 Ammineae
553 2210 625 2263 vites
636 2251 644 2275 ‚
660 2209 803 2263 firmiffima
814 2212 877 2265 vina
889 2253 896 2277 ,

183 2336 190 2347 ·
227 2310 341 2362 Tmolus
353 2306 496 2376 &assurgit
508 2306 602 2374 quibus
616 2346 623 2370 ‚
641 2308 667 2359 δι
682 2325 730 2360 rex
741 2308 796 2376 ipse
806 2308 930 2363 Phanaeus
942 2328 951 2370 ;

228 2405 379 2476 Argitisque
389 2403 478 2455 minor
488 2442 495 2466 ‚
508 2403 551 2456 cu'i
560 2420 616 2456 non
623 2406 766 2458 certaverit
776 2408 847 2471 ulla,

228 2505 282 2555 Aut
293 2502 396 2554 tantum
406 2500 487 2552 fluere
498 2539 506 2564 ‚
516 2514 560 2551 aut
569 2500 681 2552 totidem
690 2502 781 2553 durare
792 2517 840 2569 per
849 2510 942 2556 annos.
974 2520 1026 2559 roo

227 2601 291 2651 Non
301 2616 352 2668 ego
361 2612 389 2650 te
400 2637 407 2661 ,
424 2596 485 2649 Diis
498 2599 525 2649 ἃ
534 2597 627 2650 menfis
638 2612 743 2666 accepta
752 2598 888 2662 secundis,

226 2695 398 2758 Trarrfierim‚
408 2694 526 2759 Rhodia,
535 2695 561 2747 δι
568 2695 692 2758 tumidis,
703 2693 836 2758 Bumaiie,
850 2696 969 2753 racemis.

228 2788 969 2860 Seinequequimmultaespecies‚necnominaquaint,

228 2889 270 2941 Est
281 2878 503 2954 numerustneque
510 2886 581 2938 enim
588 2902 700 2937 numero
707 2888 895 2955 comprendere
900 2892 988 2948 refert,

228 2986 318 3052 Quem
330 2982 376 3054 qui
386 2982 451 3035 scire
459 2983 527 3035 velit
537 3022 544 3046 ‚
555 2982 648 3053 Libyci
660 2982 729 3035 velit
741 2982 853 3051 equoris
863 2984 933 3037 idem
973 3008 1020 3058 105

226 3082 338 3135 Discere
347 3076 427 3149 quim
437 3081 523 3133 multe
535 3079 656 3151 uepbyro
667 3080 803 3134 turbentur
812 3094 913 3141 areum
954 3076 957 3081 '
