2525 3934
316 398 371 503 36
479 390 874 483 *Bvcoatctl

249 576 253 585 ·
314 553 430 609 Pierides
442 574 450 609 r
460 558 520 610 sunt
532 559 559 610 &
573 557 639 611 mihi
650 559 765 611 carmina
775 578 783 611 r
795 574 839 610 me
849 554 1055 627 quoquedeest

314 650 411 702 vatem
423 653 537 720 pastores
547 675 556 715 ·‚
571 656 615 707 sed
626 672 682 707 non
692 672 742 725 ego
755 657 874 708 credulus
885 655 950 706 illis.

259 755 289 811 35
312 749 381 798 Nam
391 765 476 817 neque
487 753 570 814 adhuc
581 754 655 804 Varo
664 752 777 816 videor,
790 768 839 804 nec
850 751 938 804 dicere
950 747 1036 803 cinni

303 844 403 914 tDigna
414 883 422 909 ‚
435 845 480 898 sed
490 863 597 917 argutos
609 850 679 901 inter
688 849 800 918 strepere
809 849 885 901 anser
894 840 1002 904 olores.

592 946 624 996 M
641 961 666 996 u
683 960 702 996 n
720 960 732 996 1
750 960 777 998 s.

311 1041 342 1092 ld
348 1039 456 1108 quidem
462 1041 551 1109 ago&
557 1032 877 1109 tacianycidamccum
887 1039 1051 1108 ipsevotutn

250 1152 258 1161 ·
312 1137 341 1188 Si
350 1139 454 1193 valeam
465 1136 611 1189 meminisse
622 1157 628 1189 ι
640 1154 726 1205 neque
737 1135 774 1188 est
785 1136 903 1205 ignobile
913 1153 1028 1189 carmen

312 1231 1051 1301 Hutadot‚dGalatea:quisestnamludusinundit?

254 1349 292 1396 40
310 1331 362 1383 Hic
372 1347 421 1382 ver
432 1347 613 1398 purpureum,
627 1329 718 1381 varios
729 1327 892 1381 hicflumina
904 1329 1005 1381 circum

303 1425 406 1477 :Fundit
415 1427 510 1479 humus
522 1425 602 1478 flores
612 1444 620 1477 r
632 1426 675 1477 hic
686 1424 794 1477 candida
804 1427 921 1492 populus
933 1440 1014 1479 antro

308 1523 453 1585 Imminet,
466 1525 492 1574 dt
500 1525 578 1574 lentae
589 1535 683 1573 texunt
695 1522 843 1573 umbracula
853 1521 941 1576 vites.
1023 1570 1031 1575 ,.

308 1621 370 1673 Huc
380 1622 459 1672 ades:
471 1619 556 1671 insani
564 1618 659 1671 feriant
668 1618 722 1671 fine
731 1618 821 1671 littora
832 1617 942 1674 flustus.

303 1699 305 1703 ⁵
406 1700 408 1710 ¹
561 1717 798 1768 chrnun

309 1814 382 1880 Quid
394 1852 401 1876 ‚
420 1829 478 1881 qna
490 1827 517 1864 te
529 1829 594 1880 puta
604 1813 691 1865 solum
703 1813 749 1864 sub
758 1810 836 1864 noste
846 1826 986 1865 canentem

251 1926 284 1978 ⁴5
306 1909 447 1962 Audieram
457 1912 468 1963 ἓ
478 1926 603 1962 numeros
613 1907 743 1972 memini,
757 1907 1008 1964 fiverbatenerem.

586 2005 618 2056 M
634 2019 659 2056 nt
676 2018 695 2055 n
711 2018 723 2055 1
742 2019 765 2056 s.

306 2101 414 2168 Daphni
426 2138 434 2164 ,
446 2101 510 2171 quid
521 2099 646 2168 antiquos
655 2099 790 2167 fignorum
799 2099 909 2167 suspicis
920 2103 1017 2155 ortus?

250 2218 274 2255 ,·..
305 2198 372 2250 Ecce
383 2196 492 2249 Dionaei
501 2195 624 2263 processit
635 2195 744 2247 Caesaris
754 2193 865 2247 astrum:

303 2294 408 2347 Astrum
419 2333 428 2355 ,
440 2310 494 2360 qno
506 2293 606 2361 segetes
617 2293 758 2361 gauderent
767 2291 885 2359 frugibus
897 2330 905 2354 ‚
920 2293 947 2343 &
959 2310 1014 2362 quo

303 2390 421 2442 Duceret
430 2387 528 2456 apricis
536 2387 565 2440 in
577 2387 688 2440 collibus
699 2404 752 2439 uva
761 2389 890 2439 colorem.
998 2426 1000 2431 -
1020 2444 1023 2449 ,

250 2507 284 2559 50
301 2485 405 2546 Insere,
417 2483 630 2552 Daplnri‚pytos
641 2503 649 2536 r
659 2497 766 2549 carpent
778 2495 822 2533 tua
833 2499 915 2550 poma
924 2501 1042 2554 nepotes.

303 2580 460 2636 omniafert
466 2597 527 2634 aetas
536 2619 544 2644 ‚
554 2580 672 2633 animum
679 2594 785 2647 quoque
793 2599 800 2632 :
809 2580 877 2647 saepe
888 2598 941 2650 ego
950 2585 1043 2653 longos

302 2679 439 2731 Cantando
452 2693 564 2746 puerum
574 2674 686 2726 memini
695 2690 741 2746 me
750 2676 863 2727 condere
873 2675 957 2733 soles.
1017 2730 1020 2735 ,

299 2777 379 2827 Nunc
388 2775 469 2826 oblita
478 2773 544 2826 mihi
551 2787 600 2825 tot
606 2787 721 2830 cattmnfl
727 2765 737 2823 ’ὲ
749 2787 806 2822 vox
817 2788 923 2839 quoque
933 2774 1042 2828 Moeriut

240 2900 252 2919 1
269 2909 271 2913 .
299 2872 359 2926 Jarn
368 2870 435 2941 fugit
444 2871 500 2940 ipsa
511 2869 586 2939 :lupi
597 2869 710 2922 Moerim
721 2867 812 2920 videre
820 2866 935 2934 priores.
1011 2927 1021 2935 ..

246 2993 274 3044 55
297 2972 447 3027 &dtamen
456 2966 572 3026 ista'satit
581 2967 677 3024 tderet
688 2964 814 3034 tibisaepe
823 2966 973 3025 Menalcas.
997 2998 1023 3027 ·..
