2525 3934
306 432 380 511 '68
480 426 896 514 Gronorcon

325 584 449 639 Necnon
459 589 586 644 &sterilis
598 610 656 661 quae
665 591 787 661 stirpibus
797 591 853 644 exit
863 592 893 643 ab
905 589 992 654 imis‚'

327 680 388 732 Hoc
398 683 476 736 saciet
486 704 494 744 ·,
505 703 605 739 vacuos
615 688 635 739 si
645 688 676 739 fit
686 688 781 758 digesta
791 705 837 757 pet
846 705 924 757 agros
934 707 942 740 τ

326 777 403 829 Nunc
416 782 474 832 altae
489 782 596 835 stondes
614 785 641 836 δι
655 783 722 836 rami
737 783 827 836 matris
843 796 973 851 opacant,

327 875 512 945 crescentique
524 879 644 931 adimunt
654 880 735 932 foetus
746 919 753 943 ,
768 893 901 948 uruntque
913 879 1054 933 ferentem.

361 970 375 1023 J
378 987 419 1022 am
430 1011 438 1035 ,
457 990 515 1041 quae
527 974 669 1027 seminibus
679 973 754 1040 jaffls
766 975 792 1027 se
802 974 902 1026 sustulit
912 976 1011 1038 arbos,

326 1067 411 1118 Tarda
419 1069 513 1131 venit,
528 1069 593 1122 seris
609 1070 706 1124 fastura
718 1072 860 1139 nepotibus
873 1071 1015 1131 umbram

326 1162 461 1232 Pomaque
471 1166 628 1234 degenerant
637 1167 729 1218 succos
739 1167 822 1218 oblita
833 1166 937 1234 priores
947 1185 955 1227 ;

292 1238 308 1274 ⁰
327 1261 360 1312 Et
371 1275 461 1328 turpes
470 1262 562 1314 avibus
573 1265 687 1331 praedam
699 1263 749 1314 sert
758 1279 811 1313 uva
822 1278 953 1314 racemos.

329 1355 436 1409 Scilicet
445 1357 568 1409 omnibus
578 1356 615 1409 est
626 1359 699 1409 labor
712 1357 921 1425 impendendus,
939 1357 966 1408 δι
978 1371 1070 1408 omnes

332 1454 463 1522 Cogendae
475 1454 504 1504 in
516 1454 630 1516 sulcum,
644 1470 673 1506 ac
683 1452 765 1506 murltai
774 1455 893 1506 mercede
904 1455 1049 1506 domandae.
1067 1460 1070 1465 '

364 1549 416 1600 Sed
426 1550 525 1601 truncis
535 1551 599 1601 oleae
610 1549 705 1602 melius
716 1588 723 1612 ,
739 1549 886 1618 propagine
901 1549 974 1601 vites

328 1645 516 1713 Respondent,
531 1643 617 1696 solido
631 1645 734 1712 Paphiae
748 1646 779 1696 de
791 1646 887 1696 robore
899 1660 1015 1714 myrtus.

274 1709 306 1776 ⁶5
329 1740 428 1793 Plantis
441 1741 467 1792 &
476 1741 543 1792 durae
553 1740 641 1808 coryli
652 1741 809 1802 nascuntur,
826 1740 853 1791 δι
862 1739 956 1809 ingens

329 1837 456 1893 Fraxinus
467 1877 475 1901 ,
494 1827 769 1909 Herculeaequearbos
780 1837 902 1888 umbrosa
914 1854 1037 1901 coronae,

272 1972 274 1977 -
287 1959 291 1971 =
331 1935 497 2004 Chaoniique
510 1934 591 2002 patris
603 1935 725 2003 glandes:
740 1932 819 1984 etiam
829 1935 907 1985 ardua
917 1937 1004 2002 palma

329 2033 452 2085 Nascitur
464 2071 471 2095 ‚
489 2033 515 2084 &
526 2031 598 2082 casus
608 2030 679 2082 abies
690 2029 779 2081 visura
790 2030 918 2084 marinos.

290 2190 294 2197 ι
330 2130 455 2181 Inseritur
466 2126 533 2181 veto
545 2144 581 2179 ex
591 2127 660 2179 soetu
669 2125 743 2178 nucis
756 2126 861 2177 arbutus
870 2125 993 2185 horrida;

276 2217 312 2267 7⁰
330 2227 363 2279 Et
373 2226 472 2278 steriles
484 2224 583 2292 platani
599 2226 684 2274 malos
697 2221 794 2290 gessere
808 2223 945 2273 valentes:

333 2321 460 2373 Castaneae
476 2320 567 2387 fagus,
584 2317 715 2385 ornusque
728 2316 845 2368 incanuit
855 2319 917 2368 albo

281 2464 284 2471 .
331 2420 408 2471 Flore
418 2416 479 2485 pyri
490 2433 499 2474 ;
517 2415 689 2484 glandemque
701 2412 758 2464 sues
769 2413 869 2480 fregere
881 2412 926 2463 sub
938 2411 1026 2465 ulmis.

368 2517 424 2566 Nec
431 2514 524 2564 modus
532 2510 644 2561 inserere
652 2523 729 2576 atque
737 2507 975 2575 oculosimponete
982 2508 1087 2576 fimplex

331 2615 400 2664 Nam
410 2609 461 2680 quai
471 2610 497 2661 se
509 2607 600 2659 medio>
608 2607 716 2656 trudunt
725 2607 756 2656 de
766 2604 864 2656 cortice
874 2621 983 2673 gemmae
994 2646 1001 2670 ,

277 2733 309 2789 75
331 2710 364 2760 Et
375 2722 467 2760 tenues
478 2718 604 2772 rumpunt
615 2702 738 2763 tunicas,
761 2699 881 2769 angustus
899 2700 927 2751 in
942 2701 1003 2769 ipso

331 2805 373 2857 Fit
387 2804 459 2855 nodo
477 2802 546 2853 finus
560 2819 565 2850 :
578 2799 630 2851 huc
641 2798 725 2850 aliena
737 2813 771 2848 ex
782 2798 874 2847 arbore
887 2813 997 2864 germen

331 2901 490 2959 includunt,
506 2899 611 2963 udoque
628 2898 724 2946 docent
736 2892 880 2944 inolescere
894 2893 974 2947 libro.

333 3001 386 3054 Aut
398 2995 498 3047 rursum
510 2993 608 3044 enodes
620 2989 706 3043 trunci
719 2989 865 3041 resecantur
878 3028 885 3051 ,
904 2991 930 3040 &
942 2989 996 3044 nlt¹e

333 3094 452 3151 finditur
466 3090 496 3143 in
512 3087 625 3142 solidum
641 3084 731 3139 cuneis
742 3084 787 3139 via
801 3101 809 3143 3
827 3083 920 3139 deinde
931 3086 1031 3143 feraces
1068 3128 1072 3134 .
