2525 3934
327 392 383 476 80
482 389 900 475 Guoucrcou

327 558 381 612 Aut
391 557 479 629 gravis
488 559 642 615 incumbens
652 563 768 632 scopulis
777 563 910 616 arentibus
921 561 1008 626 estas,

329 655 465 721 Quantum
475 655 516 709 illi
527 673 642 711 nocuere
652 675 762 729 greges,
779 661 889 729 durique
900 675 1036 712 venenum

265 773 267 776 ·
329 753 444 816 Dentis,
462 753 489 804 δι
503 755 626 807 admorso
638 755 735 825 {ignata
746 756 775 808 in
783 756 861 825 stirpe
871 756 992 810 cicatrix.
1043 794 1045 798 -

275 842 329 907 380
366 850 431 900 Non
442 849 520 901 aliam
529 851 564 906 ob
576 853 681 920 culpam
690 853 792 906 baccho
801 870 879 922 caper
888 851 1015 905 omnibus
1023 849 1065 903 aris

336 943 452 998 Caeditur
464 983 472 1008 ‚
489 946 516 997 ἂ
523 960 630 999 veteres
640 947 734 1001 ineunt
745 949 883 1017 proscenia
891 948 948 1001 ludi
959 967 973 1009 3.

329 1041 493 1111 Praemiaque
505 1043 625 1112 ingentes
638 1060 721 1114 pagos
732 1045 759 1096 ἃ
768 1045 886 1113 compita
894 1046 997 1097 circum

329 1139 466 1191 Theseide
473 1140 606 1207 posuere,
624 1155 703 1209 atque
719 1140 788 1195 inter
798 1127 959 1209 poculalaeti

331 1235 461 1294 Mollibus
471 1236 500 1288 in
513 1239 595 1305 pratis
604 1237 700 1291 unetos
709 1238 800 1291 saliere
811 1255 859 1306 pet
867 1253 950 1291 utres.

277 1324 326 1390 385
336 1333 392 1384 Nec
403 1349 460 1386 non
469 1333 600 1398 Ausonii,
617 1333 699 1400 Troji
714 1350 777 1404 gens
793 1333 885 1396 milla,
900 1315 994 1386 coloni

339 1430 466 1483 Verfibus
478 1429 623 1498 incomptis
634 1431 742 1495 ludunt,
757 1429 863 1498 risuque
875 1429 984 1490 solut03

334 1525 442 1595 Oraque
453 1527 594 1580 corticibus
603 1525 708 1577 sumunt
717 1527 847 1578 horrenda
856 1524 957 1577 cavatis
967 1542 977 1584 ·,

333 1622 367 1673 Et
376 1637 421 1693 te,
436 1622 554 1686 Bacche,
570 1637 670 1676 vocant
681 1639 729 1690 per
738 1621 852 1675 carmina
861 1623 938 1685 laeta‚
950 1619 1048 1689 tibique

336 1719 437 1772 Oscilla
447 1721 543 1771 exalta
555 1719 715 1786 suspendunt
723 1718 815 1771 mollia
825 1718 900 1786 pinu.

279 1823 332 1878 390
340 1816 410 1870 Hinc
419 1816 507 1880 omnis
516 1819 590 1886 largo
602 1814 719 1883 pubescit
730 1813 809 1866 vinea
819 1815 905 1877 foetu,

343 1918 518 1983 Complentur
529 1913 663 1980 vallesque
676 1928 747 1963 cavae
758 1949 765 1974 ‚
776 1911 905 1978 saltusque
918 1909 1059 1978 profundi,

337 2014 370 2064 Et
382 2030 549 2088 quocumque
558 2013 633 2063 Deus
645 2009 744 2063 circum
755 2023 833 2076 caput
841 2007 897 2078 egit
907 2007 1056 2062 honesturn.

338 2111 408 2178 Ergo
419 2110 469 2162 rite
479 2110 554 2161 suum
563 2108 666 2160 Baccho
679 2106 794 2159 dicemus
803 2107 936 2158 honorent

340 2205 505 2258 Carminibus
516 2206 606 2274 patriis
617 2246 624 2269 ,
640 2205 777 2273 lancesque
788 2204 875 2255 &liba
885 2203 999 2255 feremus
1010 2219 1019 2262 ⁸,

284 2310 332 2367 395
342 2302 374 2353 Et
384 2300 475 2354 dubius
484 2318 567 2353 cornu
575 2301 650 2354 stabit
661 2302 730 2354 sacer
738 2301 826 2354 hircus
837 2301 869 2352 ad
878 2316 964 2362 aram,

320 2446 322 2451 .
342 2398 506 2468 Pinguiaque
516 2398 544 2451 in
553 2399 667 2452 verubus
677 2397 834 2449 torrebimus
845 2410 906 2448 exta
918 2394 1046 2448 colurnis.

346 2563 348 2566 ⁴
376 2493 418 2547 Est
430 2493 510 2546 etiam
522 2494 566 2546 ille
575 2495 650 2551 labor
658 2493 778 2548 curandis
789 2492 889 2545 vitibus
900 2495 980 2555 alter,

340 2590 392 2645 Cui
399 2607 543 2659 numquam
549 2589 666 2650 exhausti
672 2590 733 2642 satis
740 2589 776 2647 est
783 2609 789 2642 :
797 2606 910 2658 natuque
917 2606 998 2645 omne
1009 2600 1093 2658 quota]

339 2689 445 2756 Terque
452 2701 595 2755 quaterque
601 2687 687 2738 solum
694 2685 862 2741 scindendum
870 2725 877 2748 ,
885 2687 1011 2754 glebaque
1018 2684 1093 2737 versu

282 2802 338 2851 400
345 2785 483 2837 AEternum
494 2784 635 2854 frangenda
642 2781 805 2844 bidentibus,
816 2798 895 2833 omne
904 2782 1049 2834 levandum

349 2882 452 2934 Fronde
459 2896 552 2931 nemus
559 2897 566 2933 :
573 2878 641 2930 redit
650 2877 773 2948 agricolis
779 2879 853 2929 labor
862 2876 933 2929 adius
944 2878 974 2930 in
983 2881 1084 2944 orbem,

342 2978 429 3052 Atque
439 2976 467 3034 in
479 2975 505 3030 se
515 2975 560 3028 sua
569 2991 616 3050 per
624 2973 735 3049 vestigia
744 2973 864 3029 volvitur
875 2990 970 3033 annus.
