2525 3934
328 374 421 491 μ,166
509 351 881 457 ἘΝΕιυος

281 535 318 587 80
337 533 1078 606 Finxit,vanumetiammendacemqueimprobafinget.

338 637 427 688 Fando
440 635 548 705 aliquod
561 636 580 688 fi
591 634 660 688 forte
670 649 727 687 tuas
741 633 914 704 pervenitad
924 651 1001 687 aures

341 732 438 784 Belidae
452 749 552 808 nomen
564 732 730 797 Palamedis,
746 732 773 785 dt
786 731 891 802 inclyta
901 730 974 785 fanti

340 826 436 880 Gloria
446 847 454 889 ·,
468 846 547 899 quem
557 830 620 883 lalsa
630 829 677 882 sub
686 827 840 897 proditione
850 826 957 898 Pelasgi

340 924 494 990 montem,
510 921 619 980 infando
629 924 747 990 indicio,
761 925 823 996 quia
833 927 906 978 bella
917 924 1036 989 vetabat,

286 1009 318 1073 ⁸5
341 1021 479 1075 Demisere
490 1024 549 1076 neci
561 1042 570 1085 ’,
582 1041 653 1076 nunc
663 1021 759 1077 caffum
770 1021 875 1075 lumine
887 1024 994 1092 lugent:

341 1119 384 1171 Illi
396 1137 439 1173 me
450 1121 592 1185 comitem,
604 1123 631 1174 δι
642 1119 871 1193 consanguinitate
881 1118 1056 1189 propinquum

342 1215 445 1284 Pauper
455 1217 484 1269 in
494 1204 565 1269 arma
576 1205 652 1285 pater
662 1216 755 1285 primis
765 1217 817 1267 huc
828 1214 901 1267 mifit
912 1217 944 1267 ab
955 1215 1035 1267 annis.

342 1315 417 1366 Dum
427 1313 507 1366 stabat
519 1330 602 1382 regno
613 1313 775 1376 incolumis,
786 1329 954 1382 regnumque
963 1312 1058 1382 vigebat

345 1409 470 1464 Consiliis
482 1450 490 1474 ,
507 1411 533 1462 δι
543 1427 593 1462 nos
605 1409 714 1477 aliquod
723 1424 877 1476 nomenque
889 1408 1017 1476 decusque

287 1511 323 1562 90
345 1504 486 1560 Geffimus.
496 1504 600 1558 Invidia
610 1504 749 1575 postquam
760 1505 869 1573 pellacis
879 1504 988 1575 Ulyffei

346 1600 443 1666 (Haud
454 1603 550 1672 ignota⁴
557 1603 672 1671 loquor)
684 1600 786 1669 superis
795 1599 924 1653 coneeffit
933 1602 965 1654 ab
976 1598 1040 1663 oris,

344 1697 464 1750 Addimus
475 1699 562 1751 vitam
571 1697 600 1749 in
609 1696 724 1751 tenebris
735 1695 861 1766 luctuque
873 1697 1010 1751 trahebam
1016 1735 1024 1762 ‚
1059 1680 1062 1685 ’

345 1794 377 1846 Et
388 1793 475 1847 casum
484 1793 598 1845 insontis
608 1810 713 1846 mecum
724 1791 877 1861 indignabar
887 1793 980 1847 amici.

344 1893 402 1945 Nec
411 1890 481 1944 tacui
490 1891 615 1945 demens:
630 1891 658 1944 δι
666 1907 709 1943 me
720 1929 728 1954 ‚
739 1890 795 1943 fors
805 1889 826 1941 fi
836 1889 890 1959 q'ua
898 1888 1013 1955 ruliffet‚

265 1986 322 2055 '95
345 1988 374 2042 Si
383 1988 484 2059 patrios
493 2005 620 2058 umquam
629 1985 783 2041 remeassem
791 1985 882 2049 vilior¹
892 1989 925 2040 ad
935 1988 1037 2057 Argos,

347 2071 458 2139 Promisi
469 2090 602 2153 ultorem,
616 2087 644 2139 δι
652 2085 741 2139 verbis
752 2085 812 2137 odia
824 2086 917 2153 aspera
925 2084 1013 2137 movi.

348 2164 419 2257 Hinc
428 2183 494 2234 mihi
503 2184 589 2252 prima
599 2184 662 2236 mali
670 2185 741 2236 labes
752 2201 759 2234 2
769 2181 831 2233 hinc
841 2181 947 2250 semper
955 2179 1056 2250 Ulyffes

349 2279 511 2333 Criminibus
522 2295 620 2332 terrere
631 2281 712 2333 novis
720 2299 729 2339 ·,
738 2279 800 2331 hinc
811 2279 935 2348 spargere
943 2296 1027 2332 voces

348 2377 381 2429 In
389 2380 501 2447 vulgum
512 2377 647 2446 ambiguas
658 2417 666 2441 ,
679 2378 706 2429 δι
715 2394 831 2446 quaerere
840 2378 965 2430 conscius
978 2393 1053 2430 arma.

295 2491 347 2530 100
352 2477 409 2528 Nec
415 2474 548 2544 requierit
558 2473 647 2539 enim,
657 2474 742 2526 donec
753 2475 896 2527 Calchante
907 2475 1055 2527 ministro..
1064 2510 1069 2524 .
1078 2508 1083 2523 .

348 2574 401 2625 Sed
406 2572 469 2642 quid
474 2588 525 2640 ego
531 2571 587 2622 haec
594 2584 681 2622 autem
688 2570 863 2639 nequicquam
869 2568 976 2640 ingrata
982 2559 1096 2623 revolvo?

350 2667 457 2735 Quidve
464 2664 607 2718 moror28i
615 2681 770 2717 omnesuno
778 2665 870 2718 ordine
875 2666 981 2720 habetis
986 2666 1091 2719 Achivos

350 2767 431 2834 quue
442 2765 530 2818 audire
543 2765 580 2816 sat
591 2763 628 2817 est
637 2783 646 2825 ·‚
656 2763 807 2829 jamdudiuu
816 2764 912 2818 sumite
922 2783 1032 2834 poenas:

351 2863 413 2915 Hoc
421 2863 525 2915 Ithacus
533 2860 601 2914 velit
611 2900 619 2925 ‚
630 2861 657 2913 δι
666 2877 763 2930 magno
773 2875 923 2913 mercentur
930 2862 1039 2915 Atridae.

299 2977 347 3029 105
387 2962 458 3013 Tum
469 2956 536 3011 vero
545 2960 665 3010 ardemus
674 2957 779 3022 scitari,
792 2959 819 3010 ὅ(
828 2976 945 3028 quaetere
954 2960 1055 3022 causas,

352 3056 441 3130 Ignari
452 3055 578 3110 scelerum
586 3062 723 3111 tantorum
731 3054 844 3125 artisque
853 3054 977 3128 Pelasga.

578 3248 660 3361 ι’,
