2525 3934
260 407 341 502 xviij
516 412 801 478 Vrnorrrr

261 553 358 632 itaque
377 551 481 631 optimi
494 548 558 610 suos
575 549 701 610 lrabeant
713 550 860 622 honores,
870 548 932 610 null

263 675 333 714 men
340 654 461 714 aliorum
470 651 564 734 injusti
572 651 789 735 quicquamfiat.
797 652 838 713 At
847 653 933 714 Maeci

265 757 350 838 Quid
362 803 371 832 ,
382 761 493 840 inquit,
506 758 630 841 Virgili,
647 758 806 820 satietatem
822 759 933 820 homini

264 861 348 924 affert
360 863 371 924 i
385 863 528 925 Omnium
545 885 641 926 rerum
652 910 663 939 ,
673 863 837 946 respondit,
850 863 932 924 autsr

266 969 339 1029 tudo
350 1013 360 1043 ‚
371 987 419 1029 aut
433 970 587 1031 multitudo
601 969 781 1031 stomachum
799 968 887 1044 facit,
904 992 933 1050 pr

264 1073 436 1156 intelligere.
453 1073 537 1134 Idem
552 1077 764 1157 interrogavit,
778 1094 836 1155 quo
847 1073 933 1154 padio

267 1179 356 1238 altam
364 1177 537 1269 felicemque
545 1178 690 1248 fortunam
702 1179 814 1240 servare
823 1177 920 1259 potest
930 1178 933 1238 i

268 1281 354 1341 Maro
374 1301 382 1341 ι
399 1281 450 1355 Si,
473 1284 612 1363 quantum
632 1282 746 1342 honore
769 1303 802 1342 ac
823 1281 931 1341 divitiis

267 1384 444 1467 praestantior
460 1385 492 1445 srt
510 1430 521 1459 ,
538 1388 651 1445 rantum
667 1385 835 1446 liberalitate
854 1387 887 1445 &
906 1383 933 1465 ju

267 1490 341 1550 alios
352 1489 484 1571 superare
498 1491 613 1550 nitatur.
622 1488 729 1549 Solitus
740 1507 801 1549 erat
812 1488 929 1563 dicere,

269 1593 327 1652 lam
344 1595 480 1653 virtutem
497 1593 732 1654 commodiorem
748 1593 860 1653 homini
880 1592 933 1654 elle

268 1695 369 1756 rientii
377 1717 426 1770 ;ac
438 1697 546 1757 nullam
553 1696 681 1778 asperam
692 1697 768 1757 adeo
780 1695 836 1758 effe
845 1696 933 1757 fortur

269 1821 357 1882 quam
368 1801 524 1882 prudenter
533 1803 675 1882 patiendo
684 1802 730 1861 vir
740 1801 823 1861 fortis
832 1823 893 1860 non
905 1806 933 1864 vi

270 1902 374 1983 Quam
386 1903 556 1966 sententiam
572 1907 602 1965 in
612 1907 714 1986 quinto
725 1904 868 1966 AEneidos
878 1905 933 1967 inse

270 2036 337 2087 Nate
351 2036 428 2094 Deci,
449 2036 494 2103 qud
506 2035 564 2103 flua
578 2036 674 2085 trahunt
691 2037 854 2103 rettuleritque
873 2027 933 2105 sequ

274 2108 394 2180 Quicquid
410 2109 456 2159 erit
471 2143 480 2166 ,
493 2107 627 2176 firperonda
645 2109 719 2158 onmis
732 2108 836 2174 fortuna
848 2109 933 2181 ferend

308 2222 594 2305 Cirm'quidamejus
613 2226 720 2284 amicus
737 2224 887 2289 Cornificii
901 2233 930 2290 in

271 2328 424 2390 maledidia
439 2329 472 2389 δι
491 2328 650 2388 inimicitias
672 2327 723 2389 srbi
740 2349 906 2394 enarraret:
928 2359 933 2394 i

272 2451 376 2514 putas,
389 2433 503 2514 inquit,
519 2431 577 2494 elle
589 2431 705 2513 hujusce
722 2435 933 2498 malevolentiae

271 2537 350 2598 sami
362 2536 439 2598 Nam
447 2556 542 2618 neque
551 2559 690 2620 umquam
696 2538 884 2601 Cornificium
896 2543 933 2602 ofl

273 2641 307 2704 &
321 2661 389 2702 eum
405 2662 483 2701 amo.
500 2641 572 2717 An,
592 2643 706 2724 inquit,
726 2643 847 2706 Hesiodi
868 2646 929 2707 sent

273 2767 334 2805 non
351 2743 526 2819 meministi,
542 2746 592 2808 ubi
604 2749 642 2806 ait
658 2747 843 2809 architectum
853 2752 933 2810 -archi

273 2849 405 2911 invidere
415 2894 425 2923 ,
434 2851 465 2910 &
475 2855 594 2931 poetam
605 2855 702 2933 poetae
713 2851 723 2912 ὲ
735 2850 784 2914 De
794 2854 875 2913 malis
888 2857 933 2928 ,in

274 2951 394 3012 Graecus
415 2953 464 3015 ille
481 2954 621 3016 intellexit
640 2975 647 3014 ε
664 2976 732 3016 nam
754 2956 824 3016 boni
844 2960 933 3021 erudit

274 3075 382 3121 amant.
393 3057 453 3122 Sed
461 3078 642 3143 magnacum
650 3079 715 3123 mea
723 3059 806 3125 laude
815 3061 846 3124 dc
852 3064 933 3147 gloria
