2525 3934
317 421 430 482 22'
496 399 884 487 Bocoztcm

312 556 416 610 Intonfi
431 573 557 621 montes;
575 558 638 629 ipsae
654 558 707 627 jam
721 557 837 612 carmina
851 573 951 626 rupes,

312 652 372 721 Ipsa
385 654 480 709 sonant
494 655 594 710 arbusta
606 676 614 709 ε
627 657 703 709 Deus
715 695 723 720 ‚
741 656 816 708 Deus
828 653 874 707 ille
886 691 894 717 ‚
912 651 1040 705 Menalca.

254 747 289 815 ⁶5
312 747 354 801 Sis
367 751 454 804 bonus
468 751 487 806 ὁ
503 752 622 822 felixque
637 752 690 806 tuis
702 772 709 806 ι
721 768 755 805 en
766 765 880 820 quatuor
892 766 961 804 aras:

312 845 379 901 Ecce
389 848 453 901 duas
464 847 533 913 tibi,
551 848 663 919 Daphni
675 887 683 913 ,
701 850 807 919 duoque
819 845 912 902 altaria
923 846 1034 902 Phoebo·

313 942 412 996 Pocula
428 942 490 996 bina
506 960 582 998 novo
597 945 747 1014 spumantia
761 942 828 998 lade
844 943 1010 1013 quotannis,

314 1039 486 1109 Craterasque
498 1041 551 1093 duo
563 1039 672 1093 statuam
684 1041 732 1092 tibi
743 1039 850 1110 pinguis
863 1039 935 1092 olivi
947 1059 956 1093 z

313 1137 347 1188 Et
357 1140 443 1190 multo
455 1136 484 1189 in
497 1137 591 1207 primis
601 1137 716 1190 hilarans
728 1137 856 1190 convivia
867 1137 993 1191 Baccho:

257 1243 295 1299 70
312 1233 382 1285 Ante
397 1234 507 1297 focum,
525 1235 719 1305 fifrigusetit3
734 1233 1032 1299 fimellis,inumbra‚

313 1329 387 1383 Vina
398 1346 501 1384 novum
512 1333 619 1385 fundam
629 1332 738 1384 calathis
747 1331 850 1383 Arvifia
862 1331 965 1387 nestor.

314 1429 464 1482 Certabunt
473 1428 540 1480 mihi
550 1430 691 1480 Damoetas
702 1466 709 1492 ,
726 1428 753 1479 &
764 1424 873 1496 Lyilius
885 1427 998 1498 AEgon:

315 1525 445 1578 Saltantes
455 1527 566 1594 Satyros
579 1524 724 1578 imitabitur
735 1523 931 1592 Alphefiboeus.

316 1621 381 1675 Hac
392 1621 441 1674 tibi
452 1622 555 1690 semper
566 1637 644 1674 erunt
658 1661 666 1686 ‚
682 1622 709 1674 δι
719 1620 780 1673 cium
789 1619 919 1674 solemnia
926 1634 996 1676 vota

261 1737 293 1790 75
316 1719 465 1772 Reddemus
481 1720 635 1790 Nymphis,
652 1720 678 1772 δι
689 1719 750 1772 crim
759 1716 925 1772 lustrabimus
937 1735 1026 1790 agros.

315 1817 391 1870 Dum
401 1815 463 1887 juga
474 1818 577 1870 montis
588 1835 666 1887 aper,
676 1816 776 1870 fluvios
788 1818 851 1869 dum
860 1814 941 1884 piscis
952 1815 1055 1878 amabit,

316 1915 445 1983 Dumque
456 1914 552 1986 thymo
561 1915 701 1983 pascentur
711 1931 773 1983 apes
786 1951 794 1977 ‚
806 1915 869 1966 dum
879 1929 942 1967 rote
951 1912 1056 1972 cludet

316 2014 427 2082 Semper
432 2013 530 2076 honos,
538 2029 690 2082 nomenque
696 2024 780 2075 tuum,
787 2010 928 2081 laudesque
934 2014 1071 2067 manebunt·

317 2111 357 2162 Ut
368 2111 473 2163 Baccho
485 2110 629 2178 cererique
640 2147 648 2173 ,
659 2108 708 2160 tibi
720 2108 754 2161 fic
763 2123 828 2160 vota
839 2110 987 2177 quotannis

262 2206 299 2260 80
318 2207 450 2278 Agricolae
461 2207 575 2261 facient:
588 2206 722 2259 damnabis
734 2219 763 2258 tu
775 2221 882 2274 quoque
892 2206 981 2263 votis.
1092 2202 1094 2223 '

437 2349 441 2355 .
584 2305 616 2355 M
632 2317 652 2354 ο
672 2318 687 2353 r
704 2317 718 2354 s
736 2317 757 2356 u
776 2317 799 2354 s.
1092 2278 1094 2297 ³

319 2401 387 2468 Quae
398 2400 448 2455 tibi
460 2438 467 2464 ,
483 2417 541 2470 quae
557 2400 604 2453 tali
616 2401 721 2451 reddam
733 2415 783 2468 pro
794 2396 910 2451 carmine
922 2400 1013 2455 dona?

319 2500 388 2550 Nam
400 2513 485 2565 neque
496 2512 539 2547 me
548 2495 650 2547 tantum
661 2494 795 2546 venientis
807 2493 894 2546 sibilus
904 2495 1011 2562 Austri,

319 2594 376 2646 Nec
387 2591 502 2662 percuffa
513 2590 606 2656 iuvant
616 2588 698 2642 fludiu
709 2605 763 2642 tam
774 2590 865 2644 littora
877 2630 885 2655 ‚
897 2609 947 2645 nec
960 2611 1019 2664 qua

320 2690 431 2743 Saxosas
442 2689 511 2743 inter
520 2690 660 2742 decurrunt
670 2686 780 2740 flumina
788 2691 883 2742 valles.

461 2804 466 2811 ,
546 2784 830 2838 Mauricum

238 2958 240 2960 Ι
264 2897 297 2965 ⁸5
321 2880 378 2934 Hac
389 2895 415 2934 te
426 2897 477 2935 nos
486 2880 573 2951 fragili
584 2881 740 2934 donabimus
752 2879 813 2934 ante
823 2880 918 2936 cicutd.

320 2979 386 3032 Haec
397 2994 447 3031 nos
459 3017 467 3042 ‚
484 2978 630 3032 formosum
644 2980 773 3048 Corydon
784 2979 888 3031 ardebat
898 2979 1027 3038 Alexim:

320 3075 386 3130 Hac
394 3077 485 3130 eadem
494 3074 601 3141 docuit,
613 3074 702 3145 cujum
712 3091 792 3145 pecus
804 3077 815 3130 ἒ
827 3092 861 3129 an
871 3075 1019 3135 Meliboei?
