2525 3934
302 394 338 489 vj
527 400 799 466 Vraararr

302 539 358 601 bus
370 551 481 621 patrem
489 539 581 599 oculis
589 557 726 619 captum,
739 541 772 601 &
784 538 856 600 duos
867 538 971 603 fratres
982 559 1045 625 ger·
1095 541 1096 549 ’

302 640 1049 725 manos‚Silonemimpuberem‚Flaccumjamadul·

304 765 384 819 tum,
396 742 476 824 cujus
494 749 603 806 exitum
621 746 672 808 sub
685 750 804 810 nomine
815 748 983 831 Daphnidis
995 751 1046 811 de·

304 851 365 912 flet.
375 847 455 921 Inter
461 867 559 912 cetera
567 849 680 924 studia,
694 869 725 912 ut
735 849 951 933 supradiximus
962 853 1048 929 ,Me-

305 954 405 1015 dicinae
415 975 555 1036 quoque,
570 977 603 1014 ac
616 957 740 1016 maxime
750 957 1050 1040 Mathematicaeope·

305 1080 368 1122 ram
380 1058 469 1120 dedit.
484 1057 550 1140 Egit
562 1059 593 1119 &
605 1058 717 1118 causam
730 1079 815 1119 unam
832 1065 958 1123 omnino
972 1107 982 1137 ‚
995 1083 1050 1125 nee

307 1163 430 1245 amplius
440 1162 528 1246 quim
535 1162 635 1224 semel.
643 1162 784 1224 Sermone
796 1164 1005 1241 tardissimum,
1019 1187 1050 1226 aa

264 1306 266 1310 ·
307 1288 385 1353 pene
396 1268 516 1331 indosio
524 1267 644 1331 similem
654 1264 734 1328 fuisse
744 1266 871 1329 Melissus
882 1269 1054 1332 tradit.Poe·

308 1373 395 1432 ticam
408 1393 480 1453 puer
498 1373 591 1435 adhuc
604 1371 783 1452 auspicatus,
798 1374 827 1429 in
841 1371 978 1434 Balistam
993 1374 1054 1434 ludi

308 1478 468 1562 gladiatorii
486 1476 651 1559 magistrum
665 1478 706 1537 ob
718 1476 866 1536 infamiam
881 1477 1053 1539 latrocinio·

309 1601 373 1643 rum
387 1598 559 1661 coopertum
571 1580 713 1661 lapidibus
725 1625 736 1654 ,
750 1579 889 1641 distichon
902 1581 993 1643 fecit:

382 1711 471 1764 Monte
482 1707 526 1777 sal»
542 1712 585 1759 soc
598 1711 702 1777 lapidum
716 1709 803 1778 tegitur
818 1710 912 1773 Balista
923 1709 1052 1780 J'apulrus:

420 1784 495 1835 Nassa
515 1784 596 1850 dieque
613 1799 677 1832 trauan
695 1800 787 1853 carpe,
808 1784 905 1840 viator,
922 1785 980 1838 saar.

311 1898 431 1961 Deinde
443 1902 600 1961 Caralessaa
613 1946 623 1975 ,
640 1900 672 1960 &
684 1901 821 1962 Morerum
830 1942 842 1970 ‚
853 1899 885 1959 &
899 1902 1055 1984 Priapeia,

313 2005 346 2065 &
359 2007 566 2088 Epigrammata
580 2048 590 2078 ‚
610 2003 643 2064 &
660 1996 772 2075 Diras,
788 2001 820 2062 &
833 2003 954 2063 Culicem
966 2049 977 2079 ,
989 2008 1056 2066 ciam

312 2107 381 2169 esset
399 2130 540 2171 annorum
559 2108 745 2189 quindecim:
762 2104 842 2185 eujus
860 2110 982 2171 materia
995 2109 1057 2169 talis

240 2237 243 2245 ¹
312 2211 364 2275 est.
373 2211 469 2274 Pastor
479 2213 613 2294 fatigatus
621 2209 687 2270 aestu
699 2213 763 2270 cum
773 2210 822 2270 sub
830 2211 933 2272 arbore
944 2213 1053 2275 obdor-

313 2315 423 2390 misset,
433 2315 586 2395 &serpens
594 2316 631 2374 ad
640 2315 720 2374 illum
730 2332 901 2395 proreperet
913 2335 930 2377 e
940 2319 1057 2398 palude,

314 2421 399 2484 culex
407 2419 573 2500 provolavit
582 2461 592 2491 ‚
602 2437 689 2498 atque
697 2419 772 2477 inter
779 2417 837 2477 duo
846 2434 981 2499 tempora
991 2415 1056 2483 am.

313 2525 393 2588 lenm
401 2522 462 2587 fixit
471 2520 586 2604 pastori.
594 2519 636 2581 At
645 2521 693 2580 ille
705 2521 976 2583 continubculicem
987 2547 1058 2587 con·

315 2631 413 2702 trivit,
426 2625 557 2688 &visum
567 2622 732 2705 serpentem
744 2626 910 2698 interemit,
921 2647 957 2693 aa
966 2628 1058 2714 sepul.

315 2754 396 2795 crum
405 2731 491 2794 culici
503 2728 618 2803 statuit,
632 2725 815 2791 &distichon
825 2727 896 2793 fecit
908 2751 920 2791 a

352 2848 432 2900 Parva
451 2849 538 2904 aulea,
551 2848 665 2914 pecudum
682 2847 756 2908 custos
772 2847 816 2896 tibi
833 2847 883 2897 tale
898 2850 1002 2901 merenti

352 2922 450 2973 Funeris
468 2920 589 2988 afficiam,
605 2921 660 2969 aira
675 2937 721 2986 pro
738 2938 847 2979 manera,
863 2921 952 2973 reddit.

317 3031 433 3119 Scripsit
447 3035 534 3098 etiarn
546 3078 557 3110 ,
569 3031 607 3097 de
622 3051 680 3115 qua
691 3030 866 3117 ambigitur,
880 3031 1014 3099 AEtnam.
1024 3031 1062 3099 Et
