2525 3934
322 371 364 453 iv
494 366 887 451 anaaaao,
958 453 973 478 ς

373 534 414 603 In
431 529 568 602 edendis
582 548 692 600 autem
711 530 826 600 summi
846 529 929 599 vatis
951 526 1069 599 carmi·

325 653 421 723 nibus
433 653 632 748 praecipuum
645 649 764 723 ducem
775 651 874 721 secuti
884 651 990 719 sumus
1003 675 1070 744 op·

327 774 446 843 timum
466 791 566 868 atque
589 769 839 867 antiquissimum
857 769 979 866 (mille
1006 790 1071 840 tre·

258 967 262 970 ,
329 912 501 964 centorum
521 892 682 963 annorum
702 911 829 964 aetatem
840 890 995 989 superat)
1011 917 1073 961 co-

331 1012 441 1084 dicem
458 1017 508 1084 M.
521 1016 554 1084 S.
569 1016 784 1086 Bibliothecae
797 1013 954 1085 Mediceo
964 1015 1073 1082 ·Lau-

331 1136 508 1223 rentianae,
527 1118 618 1206 buno
631 1137 764 1232 publico
778 1132 1008 1206 &commodo
1022 1152 1075 1230 ty-

333 1256 385 1350 pis
399 1256 585 1326 Mannianis
597 1258 769 1334 Florentiae
780 1254 974 1350 descriptum
987 1278 1074 1324 anno

335 1374 380 1446 C.
399 1375 444 1446 N.
468 1400 553 1470 1741
572 1400 581 1445 t
600 1377 791 1471 utpotequi
809 1374 1077 1446 animadverteri-

335 1521 408 1567 mus
430 1497 520 1567 viros
548 1495 714 1567 doctiores
742 1497 807 1565 hoc
834 1495 941 1565 minus
970 1494 1078 1564 ansam

337 1616 438 1689 errori
454 1613 620 1710 praebuisse
643 1613 709 1711 qud
735 1617 827 1710 plura
851 1640 892 1684 ex
911 1615 968 1684 illo
987 1614 1079 1685 fonte

337 1737 548 1808 saluberrimo
566 1737 736 1807 hauserint.
755 1736 863 1806 Nobis
879 1752 990 1805 tamen
1006 1737 1081 1805 reli·

339 1858 397 1952 gio
410 1855 470 1925 suit
487 1882 537 1926 ne⁴
549 1857 651 1945 latum
673 1853 808 1950 quidem
820 1879 964 1949 unguem
977 1881 1082 1950 apro·

339 1975 506 2049 batiffimis
532 1976 733 2072 receptisque
763 1960 960 2047 editionibus
988 2001 1083 2047 rece·

342 2097 452 2187 dere,
477 2085 678 2192 aut'aliquid
700 2094 809 2166 nostro
828 2095 972 2190 scapello
992 2122 1085 2168 arro·

343 2237 456 2315 gauter
478 2216 660 2288 rescindere
686 2216 776 2312 quod
797 2234 946 2287 veterum
968 2243 1086 2287 recen-

342 2341 528 2435 tiorumque
546 2337 716 2411 consensus
735 2336 896 2411 unanimis
920 2337 1088 2409 consecra·

344 2479 439 2532 vent.

395 2584 508 2675 ltaque
529 2605 593 2652 nec
613 2580 734 2651 laboris
758 2578 965 2676 impatientes
986 2634 999 2667 ,
1025 2605 1087 2653 nec

349 2701 453 2797 operd
471 2699 593 2798 parci(
612 2727 684 2797 quae
703 2702 839 2772 minima
857 2704 926 2772 laus
946 2701 1020 2794 est)
1033 2728 1089 2774 va·

349 2825 418 2896 rias·
428 2822 463 2894 in
481 2823 577 2893 variis
598 2822 766 2892 codicibus
788 2819 920 2916 legendi
937 2821 1087 2892 formulas

351 2970 451 3044 quam
474 2940 706 3018 accuratissrmd
732 2938 990 3042 perpendimus,
1020 2940 1087 3013 col·
