2525 3934
328 442 408 549 156
499 437 842 528 AEmrrnos

323 600 420 656 Gentis
429 604 587 671 Derdam,
604 623 729 678 magnum
739 625 798 677 quae
807 607 893 676 sparsa
906 623 955 676 per
966 591 1062 661 orbem.

322 702 370 753 Dii
381 703 430 754 tibi
439 705 450 771 (
460 703 480 754 si
490 720 542 772 qua
551 703 613 771 pios
622 705 768 774 respeiiant
779 707 898 757 Numina
908 745 915 768 ,
931 705 951 756 fi
962 705 1026 774 quid
1047 742 1051 748 -

322 797 440 867 Usquam
450 799 555 866 justitie
565 802 602 854 esi
612 807 622 871 )
638 804 665 855 δι
674 819 748 856 mens
760 804 808 856 sibi
819 804 925 856 conscia
933 803 1013 879 reffi,

267 889 316 955 605
327 895 436 948 Praemia
447 898 525 968 digna
536 900 629 952 serant.
644 901 712 967 Qua
721 915 748 953 te
760 916 814 954 tam
824 904 885 954 laeta
897 905 1014 954 nrierunt
1043 936 1046 941 -

321 994 434 1048 Secula?
447 997 493 1064 qui
502 998 569 1049 tanti
578 1000 658 1049 talem
668 1014 781 1067 genuere
792 1001 935 1066 parentes?

320 1091 352 1143 In
361 1092 428 1145 freta
436 1095 497 1145 dum
509 1093 589 1164 fluuii
599 1082 719 1158 currens,
731 1097 793 1148 dum
803 1096 941 1148 montibus
952 1097 1043 1149 umbre

319 1188 474 1242 Lustrabunt
485 1206 625 1255 convexa,
640 1194 721 1261 polus
734 1194 795 1245 dum
807 1193 890 1246 sidera
901 1195 1000 1262 pascet:
1029 1228 1032 1232 -

320 1287 533 1357 Semperhonos,
540 1303 784 1357 momenmentum,
791 1289 933 1358 laudesque
940 1289 1077 1350 manebunt.

265 1378 318 1430 610
326 1385 393 1450 Qure
405 1403 448 1438 me
460 1402 575 1456 cumque
582 1401 684 1439 vocant
695 1400 780 1439 terrae.
793 1388 837 1439 Sic
846 1388 915 1440 fatus
926 1435 936 1462 ‚
951 1387 1057 1441 amicum

319 1480 422 1535 Ilionea
432 1484 500 1551 perit
511 1481 621 1544 dextri,
637 1481 758 1551 levique
770 1475 921 1544 Serestum

319 1575 380 1630 Post
389 1579 628 1650 alios‚sortemque
636 1579 727 1650 Gyan,
733 1580 884 1650 sortemque
893 1580 1057 1635 Cloanthum.

355 1674 499 1744 Obstupuit
508 1677 597 1745 primo
607 1677 713 1746 aspectu
723 1676 832 1730 Sidonia
841 1679 933 1743 Dido,

320 1773 388 1826 Casu
400 1773 493 1826 deinde
504 1774 558 1825 viri
567 1789 658 1837 tanto,
671 1774 698 1826 &
707 1773 742 1826 sic
750 1791 798 1826 ore
810 1776 900 1826 locuta
909 1775 965 1829 est:
1038 1809 1045 1818 ,

261 1871 312 1938 615
323 1871 391 1939 Quis
403 1886 449 1936 te,
461 1886 522 1924 nate
530 1842 607 1936 fici,
619 1885 750 1940 pertenta
759 1872 877 1941 pericula
888 1873 963 1926 casus
1040 1908 1043 1913 -

315 1969 486 2040 Insequitur?
499 1987 557 2041 qua
568 1969 612 2022 vis
625 1968 783 2022 immanibus
792 1968 907 2038 applicat
916 1968 991 2021 oris?

317 2066 393 2121 Tune
406 2069 451 2120 ille
463 2068 560 2121 AEneas
573 2107 580 2132 ‚
594 2084 673 2137 quem
681 2066 820 2119 Dardanio
832 2066 953 2119 Anchisa

316 2163 395 2215 Alma
402 2164 497 2216 Venus
507 2164 617 2234 Phrygii
629 2163 720 2232 genuit
731 2162 877 2215 Simoentis
889 2165 922 2215 ad
931 2165 1028 2217 undam
1038 2166 1048 2217 i

315 2261 403 2328 Atque
412 2259 535 2328 equidem
544 2262 677 2337 Teucrum
689 2259 800 2312 memini
811 2256 910 2313 Sidona
921 2261 1015 2315 venire
1026 2302 1034 2326 ‚

260 2363 314 2412 ⁶20
321 2356 428 2409 Finibus
438 2355 578 2425 expulsum
589 2356 682 2424 patriis
695 2395 703 2420 ‚
719 2373 792 2410 nova
802 2373 883 2427 regna
895 2374 1032 2427 petentem

315 2454 426 2507 Auxilio
437 2453 503 2507 Beli.
516 2451 632 2504 Genitor
641 2467 698 2504 tum
707 2452 784 2506 Belus
794 2454 916 2522 opimam

244 2546 248 2585 ’-
314 2550 438 2605 Vestabat
449 2553 570 2620 Cyprum
580 2588 588 2612 ,
598 2549 625 2601 &
636 2549 725 2602 vidior
734 2536 961 2618 ditione'tenebat.

313 2648 448 2717 Tempore
459 2646 512 2713 jam
524 2662 559 2699 ex
568 2646 616 2698 illo
629 2647 703 2700 casus
712 2647 778 2700 mihi
789 2648 914 2718 cognitus
922 2650 999 2703 urbis

313 2745 435 2810 Troiana
443 2783 452 2805 ,
460 2760 613 2813 nomenque
624 2759 718 2809 tuum,
734 2744 859 2814 regesque
869 2744 980 2818 Pelasgi.

258 2841 375 2910 6251pse
385 2839 469 2893 hostis
478 2840 597 2892 Teucros
609 2838 705 2908 insigni
713 2841 788 2892 laude
797 2840 910 2905 ferebat,

312 2939 398 3008 Seque
408 2951 497 2990 ortum
506 2935 614 3004 antiqui
622 2935 787 2989 Teucrorum
796 2951 812 2988 a
820 2934 898 3005 stirpe
908 2940 1028 2996 volebat.

311 3036 400 3101 Quare
409 3033 498 3105 agite,
510 3031 633 3096 oteffis,
644 3031 756 3100 juvenes
765 3071 773 3096 ‚
782 3028 919 3100 succedite
930 3037 1037 3096 nostris,

310 3130 357 3185 Me
367 3148 475 3204 quoque
483 3130 530 3202 per'
541 3129 642 3189 multoe
652 3127 743 3189 finiris
751 3127 860 3184 sotrum
867 3131 978 3187 iabores
1029 3170 1034 3180 .

219 3282 295 3480 χ
