2525 3934
240 384 300 478 viij
459 390 751 460 Vrnorzrr

242 531 324 590 latim
338 549 520 610 componere
535 529 673 606 instituit,
690 549 722 593 ut
733 531 852 614 quidam
866 533 991 596 tradunt.

244 631 305 692 Alii
319 631 382 710 ejus
395 633 540 697 sententiae
553 635 634 712 sunt,
649 652 681 697 ut
697 635 859 698 existiment
875 637 991 711 eum,sr

244 737 352 797 diutius
363 737 475 801 vixisset
488 785 499 814 ,
518 758 642 822 quatuor
654 741 686 802 &
696 742 798 824 viginti
807 742 899 803 libros
907 742 991 824 usque

246 841 284 900 ad
294 841 749 926 Augustitemporascriptumm,
759 862 845 927 atque
856 847 993 928 aliaquae-

247 944 314 1005 dam
324 945 736 1032 percursurum3Auguslirerb
747 948 825 1032 gesta
835 949 992 1033 diligentis·

248 1047 318 1109 srme
329 1049 543 1112 exsecuturum:
556 1055 665 1133 quippe
677 1056 746 1135 qui,
760 1054 829 1114 dum
839 1053 995 1129 scriberet,

248 1154 369 1236 nequid
383 1157 525 1237 impetum
542 1175 721 1233 moraretur,
735 1160 869 1240 quaedam
885 1162 995 1241 imper·

249 1256 325 1320 setta
342 1259 478 1341 reliquit:
493 1260 548 1320 alia
566 1259 713 1321 levissimis
727 1260 858 1323 versibus
874 1261 996 1342 scripsit,

251 1382 327 1443 quos
336 1382 389 1444 pet
399 1359 499 1441 jocum
512 1383 566 1442 pro
575 1364 670 1445 tigillis
680 1363 730 1423 vel
740 1363 997 1426 tibicinibusinter·

252 1470 325 1548 poni
336 1489 352 1527 a
362 1465 391 1528 se
405 1466 519 1527 dicebat
530 1511 539 1539 ,
550 1467 586 1527 ad
595 1465 785 1528 sustinendum
798 1489 893 1550 opus,
904 1469 996 1530 donet

252 1571 350 1633 solidae
363 1571 506 1632 columnae
519 1571 701 1632 advenirent.
716 1570 852 1632 Bucolica
863 1573 998 1643 triennio,

255 1672 346 1735 Asinii
356 1672 492 1734 Pollionis
501 1672 577 1733 suasu
587 1720 595 1748 ,
605 1674 738 1754 perfecit.
748 1675 805 1734 Hic
817 1674 999 1758 Transpada·

255 1801 324 1840 nam
337 1779 518 1860 provinciam
536 1778 674 1859 regeb'at3
689 1775 767 1856 cujus
787 1776 915 1854 favore,
934 1783 998 1840 cium

257 1883 402 1945 veteranis
414 1880 536 1965 Augusti
553 1882 689 1940 militibus
705 1868 955 1943 Cremonensium
971 1883 1000 1943 &

258 1984 1001 2069 Mantuanorumagridistribuerentur,·suosVirgi-
1036 2018 1038 2043 ÷

258 2097 313 2157 lius
322 2087 382 2156 non
393 2092 483 2153 amisit
497 2113 504 2150 ι
518 2090 592 2150 satta
603 2091 681 2149 enim
692 2087 909 2164 distributione,
920 2089 1001 2162 suos,

258 2203 308 2262 seu
318 2198 444 2261 Claudio
456 2242 466 2270 ,
479 2196 527 2256 seu
540 2194 612 2254 Ario
622 2194 705 2253 datos
715 2196 909 2274 recuperavit.
918 2195 1000 2254 Hunc
1013 2187 1017 2192 ’

260 2302 425 2364 Pollionem
434 2297 559 2359 maxime
568 2297 676 2356 amavit
685 2295 790 2369 Maro,
802 2297 833 2357 &
843 2296 960 2358 dileetus
968 2296 1001 2357 ab

260 2426 301 2470 eo
311 2425 416 2488 magna
427 2423 546 2464 munera
556 2402 620 2461 tulit
631 2403 755 2482 :quippe
764 2402 812 2480 qui
822 2403 957 2462 invitatus
969 2399 1002 2459 atl

260 2531 395 2582 emnam,
406 2523 506 2588 captus
515 2504 727 2586 pulchritudine
736 2504 770 2564 &
779 2503 927 2585 diligenti&
936 2505 1004 2564 Ale·

262 2612 366 2678 xandri
374 2609 513 2671 Pollionis
524 2610 622 2691 pueri,
633 2628 701 2669 eum
712 2608 792 2669 dono
804 2611 930 2688 accepit.
941 2609 1005 2669 Hu-

262 2717 309 2800 jus
319 2714 456 2777 Pollionis
466 2712 557 2774 silium
567 2710 605 2774 C.
620 2710 774 2787 Asinium,
790 2709 1005 2773 &Cornelium

265 2821 409 2894 Gallum,
425 2818 584 2882 Oratorem
603 2819 736 2890 clarum,
756 2818 787 2878 &
806 2815 928 2878 Po'e'tam
948 2835 1004 2876 non

267 2925 468 2996 mediocrem,
481 2925 555 2983 miro
566 2941 667 2982 amore
681 2922 779 2981 dilexit
790 2920 938 3002 Virgilius.
950 2921 1004 2980 Hic

188 3111 193 3127 Ι
267 3030 363 3118 ptimb
374 3030 405 3105 'in
422 3029 546 3090 amicitia
556 3025 674 3089 Caesaris
686 3023 807 3109 Augusti
820 3022 873 3087 suit
887 3047 894 3088 z
907 3025 1007 3111 pollel
