2525 3934
300 446 379 528 ¹50
486 416 842 501 AElvamos

236 576 346 638 440Per
357 576 475 642 medios,
484 577 629 648 miscetque
638 576 724 638 viriet
737 595 826 648 neque
836 575 1021 632 cerniturulli.

293 676 379 728 Lucus
388 675 418 727 in
428 677 492 728 urbe
503 675 554 728 luit
562 675 666 739 media,
678 675 823 729 letiffimus
834 675 946 742 umbad,

294 771 357 837 Quo
369 771 486 840 primum
497 771 585 838 jallati
594 774 672 827 undis
682 774 710 826 δι
720 773 827 826 turbine
834 772 917 826 Poeni

294 866 415 921 Effudere
424 870 487 921 loco
497 869 599 939 lignum
611 911 618 934 ,
634 872 707 940 quod
717 868 789 941 regia
800 871 875 926 luno

295 964 472 1030 Monstrirat,
484 981 563 1036 caput
571 969 638 1021 acris
649 968 730 1039 equi:
741 966 776 1020 lic
787 984 850 1020 nam
859 967 920 1021 lore
931 968 1002 1021 belle

239 1075 289 1127 445
300 1062 437 1135 Egregium
449 1104 458 1130 ,
476 1066 503 1117 ὃ(
513 1058 620 1120 facilem
627 1066 702 1119 vidlu
713 1083 760 1135 per
772 1067 859 1119 secula
872 1080 987 1136 gentem.

297 1159 349 1211 Hic
361 1163 492 1230 templum
504 1162 606 1217 lunoni
617 1163 712 1233 ingens
724 1161 833 1214 Sidonia
843 1162 920 1216 Dido
968 1190 973 1209 ·

298 1259 452 1323 Condebat,
469 1259 546 1313 donis
559 1236 717 1328 opulentum
727 1259 754 1311 dt
762 1258 874 1312 numine
886 1259 985 1313 Diva:

297 1354 377 1409 AErea
388 1357 431 1410 cui
440 1357 560 1427 gradibus
570 1357 708 1425 surgebant
718 1353 813 1409 limina
823 1395 831 1420 ,
843 1371 975 1426 nexaque

297 1453 360 1507 AEre
371 1457 456 1509 trabes
467 1495 475 1519 ,
486 1454 587 1509 loribus
595 1450 676 1507 cardo
684 1452 806 1507 stridebat
814 1453 919 1508 ahenis.

242 1565 297 1616 ⁴50
334 1552 395 1605 Hoc
404 1554 520 1621 primum
530 1553 558 1605 iu
568 1553 630 1605 luco
641 1568 713 1605 noua
722 1569 764 1605 ret
774 1551 864 1606 oblata
874 1550 999 1604 timorem

299 1648 388 1702 Leniit
398 1669 405 1702 ι
417 1650 460 1704 hle
471 1651 587 1718 primum
600 1649 698 1703 AEneas
708 1650 810 1719 sperare
819 1649 933 1702 salutem

298 1746 402 1808 Ausus,
416 1747 442 1799 bt
454 1744 558 1812 aflliffin
571 1746 666 1798 melius
677 1743 811 1799 confidete
822 1746 911 1799 rebus.

299 1845 420 1912 Namque
432 1842 478 1894 sub
490 1841 592 1911 ingenti
603 1840 695 1894 lustrat
705 1844 769 1896 dum
779 1842 879 1911 singula
889 1843 1013 1911 templo,

300 1941 430 2011 Reginam
442 1937 586 2008 opperiens
599 1955 609 1999 ς
623 1930 688 1991 du'm
699 1978 706 2001 ,
718 1954 777 2007 qua
788 1937 896 1990 fortuna
908 1939 939 1991 lit
947 1938 1024 2001 urbi,

244 2049 277 2100 45
286 2050 294 2101 5
305 2038 496 2107 Artificumque
507 2053 600 2089 manus
611 2035 682 2087 inter
690 2036 716 2088 se
727 2052 911 2105 ,opemmque
920 2037 1036 2090 laborem

303 2135 435 2194 Miratur;
446 2134 621 2186 videtlliacas
629 2150 667 2185 ex
676 2134 771 2186 ordine
784 2150 885 2202 pugnas
897 2173 905 2198 ,

301 2232 426 2300 Bellaque
439 2230 491 2296 iam
501 2230 569 2284 fami
579 2244 667 2282 totum
677 2232 785 2300 vulgata
795 2247 843 2298 per
853 2233 963 2292 orbem,

303 2328 422 2392 Atriden,
432 2327 628 2395 Priamumque,
638 2328 664 2378 δι
670 2327 769 2379 levum
777 2324 904 2395 ambobus
910 2328 1037 2382 Achillem

305 2427 439 2490 Constitit,
448 2426 627 2495 &lacrymans
636 2423 860 2490 :Quisiamlocus
869 2426 984 2495 ,inquit,
992 2427 1037 2478 Acl

246 2525 301 2588 460
308 2527 375 2592 Qua
385 2523 460 2594 regio
469 2523 499 2575 in
510 2523 587 2575 terris
596 2522 679 2574 nostri
689 2539 745 2575 non
756 2524 835 2590 plena
846 2523 966 2577 laboris?

303 2624 344 2678 En
351 2622 470 2676 Priamus
481 2641 488 2676 ι
498 2620 558 2673 sunt
566 2620 609 2672 hic
619 2619 700 2671 etiam
709 2619 755 2670 sua
764 2619 872 2687 piemia
881 2619 969 2671 laudi:

303 2724 371 2776 Sunt
379 2724 503 2791 lacrymae
513 2736 601 2772 retum
611 2759 619 2784 ,
633 2718 660 2770 dt
670 2731 787 2773 mentem
797 2717 921 2770 mortalia
928 2731 1037 2789 tangunt

304 2821 388 2874 Solve
401 2833 488 2870 metus
501 2837 507 2870 :
520 2819 587 2871 feret
595 2817 652 2869 haee
662 2816 778 2884 aliquam
789 2814 838 2866 tibi
847 2815 919 2868 fama
930 2815 1037 2869 salutem

341 2917 385 2971 Sic
395 2916 432 2969 ait
442 2954 450 2980 ,
462 2928 540 2983 atque
550 2914 668 2968 animum
678 2910 779 2982 picture
790 2912 873 2981 pascit
885 2912 978 2978 inani,

251 3016 300 3080 1565
312 3016 398 3069 Multa
408 3029 516 3084 gemens
526 3051 534 3076 ,
546 3014 675 3080 largoque
680 3008 813 3062 humeblat
820 3007 930 3062 flumine
937 3013 1037 3066 vultun

307 3116 428 3186 Namque
440 3109 547 3167 videbat
557 3109 598 3166 uti
607 3110 735 3166 bellantes
744 3107 871 3179 Pergama
880 3105 984 3163 circum

191 3258 261 3464 Χ
