2525 3934
329 324 332 329 ⁵
439 378 785 466 amar.
930 383 982 484 6³

239 539 321 613 Signa
329 543 432 599 dabant.
443 547 558 614 Quoties
571 549 721 617 Cyclopum
731 544 860 598 effervere
871 540 899 593 in
908 555 986 609 agros

239 638 366 693 Vidimus
376 644 517 727 undantenp
527 645 611 719 ruptis
622 642 770 695 fornacibus
782 641 889 692 AEtnam
900 677 907 701 ,

241 737 470 808 Flammarumque
477 739 587 810 globos,
597 739 788 808 liquesaslaque
796 739 907 791 voluere
915 736 985 787 saxa!

241 834 387 887 Armorum
400 837 518 889 sonitum
531 853 591 889 toto
608 837 752 889 Germania
763 838 834 887 coelo

241 930 355 991 Audiit3
374 931 489 984 insolitis
504 947 669 985 tremuerunt
685 932 800 984 motibus
815 933 909 999 Alpes.
927 949 934 967 ·
990 941 1044 993 475

242 1027 311 1080 Vox
322 1045 430 1097 quoque
441 1047 489 1097 per
498 1031 574 1082 lucos
582 1027 667 1098 vulgo
677 1029 797 1082 exaudita
806 1028 912 1081 silentes

242 1124 342 1192 Ingens
354 1159 362 1184 ,
379 1125 405 1176 δι
420 1124 555 1177 simulacta
566 1125 658 1182 modis
671 1125 795 1193 pallentia
806 1123 882 1177 mitis

243 1220 312 1274 Visa
322 1222 367 1273 suh
379 1223 519 1274 obscurum
527 1223 633 1293 nostis;
648 1223 812 1292 pecudesque
821 1224 936 1284 locuta,

241 1319 403 1373 Infandum!
420 1319 509 1372 sistunt
520 1337 610 1373 amnes
623 1361 634 1385 ,
649 1336 778 1390 terraeque
794 1318 947 1379 dehiscunt:

246 1417 281 1468 Et
293 1416 416 1469 moestum
425 1417 574 1488 illacrymat
580 1417 757 1486 templisebur
764 1457 772 1480 ,
779 1432 881 1484 aeraque
891 1411 1051 1474 sudant480

244 1513 350 1566 Proluit
362 1515 455 1566 insano
467 1529 649 1582 contorquens
660 1513 765 1566 vortice
777 1513 866 1583 sylvas

245 1612 405 1664 fluviorum
416 1630 465 1665 rex
475 1613 618 1676 Eridanus,
636 1612 794 1681 camposque
804 1627 851 1680 per
862 1626 957 1664 onnes

247 1710 319 1762 Cum
333 1707 439 1760 stabulis
450 1723 568 1761 armema
577 1708 655 1761 tulit:
666 1725 715 1761 nec
724 1723 845 1777 tempore
856 1709 952 1762 eodem

247 1804 377 1858 Tristibus
386 1821 431 1858 aut
443 1805 513 1858 extis
525 1805 597 1859 fibra
609 1823 734 1875 apparete
746 1806 880 1870 minaces,

247 1903 303 1955 Aut
316 1902 406 1972 puteis
419 1921 525 1956 manare
541 1922 619 1957 cruor
635 1903 761 1967 cessavit,
775 1905 803 1957 δι
816 1901 869 1956 alt'e
997 1898 1051 1963 485»

247 2001 301 2053 Per
316 2001 425 2053 nodietn
439 2000 562 2053 resonare
576 1998 648 2068 lupis
663 1999 823 2052 adulantibus
837 1999 925 2052 urbes.

247 2100 276 2150 N
277 2114 316 2149 on
328 2096 392 2149 alias
404 2099 476 2149 coelo
488 2097 640 2149 ceciderunt
649 2098 724 2164 plura
733 2095 825 2147 sereno

251 2195 368 2261 Fulgura
381 2231 388 2255 ‚
403 2209 451 2245 nec
462 2193 513 2244 diti
524 2192 606 2244 toties
618 2193 703 2244 atsere
715 2206 839 2246 cometae.

292 2290 363 2357 Ergo
375 2287 444 2339 inter
455 2289 508 2341 sese
520 2290 624 2357 paribus
639 2305 794 2342 concurrere
806 2287 867 2340 telis

253 2389 391 2442 Romanas
404 2383 472 2437 acics
484 2386 580 2441 iterum
591 2385 682 2438 vidire
695 2384 826 2453 Philippi:
884 2386 888 2397 ‘
1000 2398 1056 2451 490

255 2488 313 2539 Nec
326 2483 377 2536 fuit
387 2482 524 2553 indignum
534 2483 641 2551 Superis
651 2482 691 2534 bis
702 2480 826 2551 sanguine
836 2478 926 2533 nostro

251 2580 402 2636 Emathiam
412 2581 439 2632 δι
448 2581 519 2632 latos
528 2577 601 2630 AEmi
613 2577 783 2648 pinguescere
793 2592 915 2645 campos.

254 2678 361 2732 Scilicet
378 2678 523 2744 &tempus
538 2675 649 2740 veniet,
662 2675 722 2728 edm
737 2656 834 2725 sinibus
844 2673 898 2726 illis
947 2670 949 2675 ’

255 2775 400 2846 Agricola,
418 2773 532 2826 incurvo
549 2787 646 2826 terram
661 2752 772 2823 moiitus
786 2783 894 2836 aratro,

254 2873 340 2928 Exesa
349 2869 472 2923 inveniet
481 2868 566 2920 scabri
576 2866 696 2936 rubigine
705 2865 760 2934 pila
770 2904 782 2929 ‚f
1002 2883 1056 2938 495

256 2975 310 3024 Aut
322 2967 446 3040 gravibus
457 2963 541 3017 tastris
555 2966 641 3034 galeas
651 2960 763 3031 pulsabit
778 2959 887 3024 inatres,
930 2956 932 2963 ⁴

258 3067 427 3137 Grandiaque
440 3056 537 3119 effossis
546 3060 683 3116 mirabitur
693 3059 747 3114 offa
758 3055 895 3128 sepulcris.
904 3075 913 3103 a
