2525 3934
387 433 649 514 Lim
707 427 780 514 II.
875 458 949 537 173

212 595 329 666 Incipit,
343 596 370 649 δι
382 600 451 650 dono
459 596 562 649 Divitm
572 593 711 665 grutiffima
721 593 811 663 serpit.

213 695 245 746 In
255 693 357 745 somnis
368 709 426 745 ecee
438 707 498 744 aute
509 694 604 744 oculos
616 689 792 743 moestiffimus
802 688 903 743 Ηεᾶοτ
917 716 920 721 ·
957 696 1011 744 27⁰

215 790 298 842 Visus
307 787 388 842 adeffe
398 771 464 842 mihi
476 828 485 853 ‚
500 788 641 857 largosque
652 785 893 846 effundere-fletum

214 887 341 955 Raptatus
353 887 439 957 bigis,
454 901 485 938 ut
497 886 649 954 quondam,
662 899 767 953 aterque
777 897 888 939 cruento

210 983 344 1047 Pulvere,
360 1000 461 1052 perque
472 983 552 1050 pedes
561 979 683 1045 traicitur
691 983 749 1034 lora
757 995 900 1033 tumentes.

214 1080 267 1132 Hei
279 1080 365 1142 mihi,
377 1078 464 1145 qualis
475 1092 529 1130 erat
541 1082 547 1131 i
563 1078 689 1147 quantum
701 1091 815 1130 mutatus
828 1077 859 1128 ab
870 1075 919 1127 illo

214 1175 334 1226 Hectore
347 1212 355 1235 ‚
365 1173 417 1240 qui
428 1174 494 1225 redit
505 1173 631 1225 exsuvias·
640 1172 745 1224 indutus
757 1171 867 1224 Achillis
878 1209 886 1234 ,
960 1179 1011 1233 275

215 1272 270 1323 Vel
280 1270 402 1321 Danaum
412 1268 540 1338 Phrygios
550 1269 676 1334 iaculatus
685 1268 817 1337 puppibus
829 1268 919 1336 ignes!
978 1316 980 1320 .

215 1369 385 1435 squalentem
400 1368 522 1428 barbam,
534 1367 561 1417 δι
572 1380 712 1417 concretos
722 1362 849 1432 sangiune
858 1360 959 1424 crines,

217 1466 388 1532 Vulneraque
397 1463 443 1516 illa
453 1478 561 1533 gerens,
571 1479 629 1530 quae
639 1461 738 1513 circum
747 1459 862 1529 plurima
870 1475 960 1512 muros

216 1559 327 1628 Accepit
335 1560 437 1633 patrios
447 1579 454 1613 ς
466 1561 538 1611 ultro
548 1557 614 1610 flens
624 1558 680 1626 ipse
690 1557 800 1610 videbar
935 1616 938 1621 .

218 1659 388 1723 Compellare
398 1656 489 1706 virum
498 1693 507 1717 ,
520 1654 546 1705 ἃ
555 1654 660 1706 moestas
669 1670 826 1722 expromere
835 1668 927 1707 votes.
962 1654 1016 1706 280

256 1751 284 1803 O
294 1752 343 1803 lux
351 1750 503 1814 Dardaniae,
516 1751 575 1818 spes
586 1748 732 1802 ofidissima
743 1749 890 1814 Teucrum,

219 1850 376 1914 Quaetantae
385 1860 492 1900 tenuere
504 1849 605 1900 morae?
619 1847 712 1916 quibus
725 1847 825 1900 Hettor
834 1848 866 1900 ab
878 1846 934 1900 oris

217 1944 371 2013 Exspectate
379 1945 474 1998 venis?
485 1958 515 1999 ut
527 1959 553 1996 te
564 1943 623 2012 post
634 1945 718 1996 multa
726 1959 835 1996 tuorum

218 2045 337 2106 Furere,
353 2041 412 2110 post
421 2042 513 2095 varios
521 2041 716 2108 hominumque
724 2038 849 2105 urbisque
859 2038 961 2092 labotes

219 2137 319 2191 Defeffi
328 2138 484 2205 aspicimus!
498 2154 557 2206 quae
567 2136 643 2189 causa
651 2136 758 2206 indigna
767 2135 874 2194 serenos
965 2140 1013 2206 285

219 2233 344 2295 foedavit
355 2235 445 2284 vultus
457 2235 467 2285 ἒ
481 2246 526 2286 aut
535 2233 646 2285 curhaee
655 2233 768 2286 vulnera
776 2235 878 2289 cerno?
897 2261 899 2265 ·

219 2334 268 2385 Ille
275 2315 346 2383 'nihil
356 2347 363 2382 ε
374 2344 423 2381 nec
434 2345 477 2382 me
489 2343 649 2402 querentem
656 2345 726 2402 tana
735 2300 871 2384 moratut't

219 2429 271 2481 Sed
280 2426 396 2496 graviter
408 2426 522 2496 gemitus
532 2425 588 2479 imo
598 2429 629 2480 de
638 2426 746 2496 pestore
757 2428 868 2481 ducens:
918 2472 920 2476 ,

220 2526 281 2577 Heu
290 2525 365 2594 fuge,
376 2539 436 2576 nate
445 2523 520 2588 Deir,
532 2538 610 2593 teque
619 2524 677 2588 his,
690 2523 742 2587 ait,
753 2521 827 2591 eripe
835 2521 960 2578 flammis.

221 2621 313 2679 Hostis
322 2623 399 2674 habet
408 2637 515 2673 muros:
528 2621 582 2675 ruit
593 2622 648 2674 alto
658 2620 798 2674 acumine
807 2619 898 2686 Troia.
916 2668 920 2675 .
965 2640 1017 2691 29⁰

220 2721 266 2771 Sat
275 2716 368 2784 patrie
379 2716 536 2785 Priamoque
547 2719 636 2770 datum
646 2736 653 2770 z
663 2717 683 2769 fi
692 2717 818 2787 Pergama
826 2716 917 2773 dextri

220 2811 337 2866 Defendi
346 2809 449 2879 poffent
459 2849 467 2874 ‚
477 2811 557 2864 etiam
566 2811 616 2866 hic
627 2812 730 2867 defensa
740 2811 854 2868 fuiffettt.

221 2911 299 2969 Sacra
308 2909 421 2977 suosque
430 2907 479 2961 tibi
488 2910 655 2961 commendat
664 2908 744 2977 Troia
756 2910 876 2967 Penates.
892 2960 895 2966 .

222 3007 282 3059 Hos
292 3023 355 3074 cape
364 3006 479 3058 fatorum
487 3004 599 3059 comites
610 3023 617 3058 τ
628 3005 671 3059 hit
680 3006 779 3060 moenia
790 2990 892 3076 quate,

200 3140 202 3145 .
222 3105 321 3176 Magna
332 3117 465 3180 pererrato
475 3101 569 3158 statues
580 3119 638 3175 quae
650 3103 764 3174 denique
775 3117 871 3170 ponto.
966 3125 1015 3177 295

783 3199 808 3252 H
827 3197 855 3266 iij
