2525 3934
302 427 352 509 52
434 394 854 487 Glorior-cor

297 558 443 627 Stivaque‚
461 577 519 628 quae
535 578 624 614 currus
638 578 652 614 a
668 577 743 633 tergo
753 578 876 634 torqueat
888 564 976 619 imost
990 547 993 551 ⁵

241 655 288 707 ¹75
300 655 332 704 Et
343 655 462 724 suspensa
473 658 540 710 focis
552 663 675 726 explorat
686 663 782 714 robora
792 663 889 715 fumus.

294 750 400 802 Possum
411 757 492 804 multa
503 755 551 806 tibi
562 771 683 807 veterum
694 773 825 824 precepta
834 759 946 822 referte,

235 864 241 885 =·
293 849 329 898 Nl
338 849 435 918 refugis
446 889 453 912 ‚
466 851 609 919 tenuesque
620 852 693 920 piget
706 853 865 922 cognoscere
875 869 961 907 curas.

293 945 361 996 Area
372 963 432 997 cum
444 947 538 1014 primis
550 948 653 1015 ingenti
664 950 788 1016 aequanda
800 949 943 1017 cylindro,

293 1044 326 1094 Et
337 1046 463 1096 vertenda
472 1061 569 1107 manu,
586 1044 613 1096 ἀ
621 1044 692 1097 cretfl
704 1044 837 1097 solidanda
846 1046 953 1098 tenaci:

240 1136 292 1187 180
299 1142 340 1192 Ne
351 1141 459 1193 subeant
468 1142 572 1204 herbae,
588 1157 641 1193 neu
654 1143 766 1209 pulvere
776 1141 848 1193 visla
858 1142 974 1207 fatiscat,

295 1239 365 1288 Tum
373 1240 455 1290 variae
467 1239 576 1290 illudant
587 1236 680 1307 pestes.
693 1239 768 1306 Saepe
779 1237 892 1307 exiguus
904 1255 963 1291 mus

238 1348 244 1389 “.
296 1337 348 1389 Sub
359 1335 436 1388 terris
448 1337 588 1405 posuitque
602 1338 715 1398 domos,
729 1349 806 1403 atque
819 1336 917 1387 horrea
927 1335 1005 1399 fecit,

295 1432 349 1484 Aut
360 1434 445 1485 oculis
457 1433 526 1500 capti
536 1432 626 1484 fodite
636 1432 730 1484 cubilia
742 1433 834 1498 talpae:

294 1528 473 1599 Inventusque
484 1530 556 1581 cavis
567 1530 630 1582 bufo
644 1567 651 1592 ,
671 1530 697 1581 &
712 1546 770 1597 quae
782 1526 981 1597 plurima‘terrae

243 1623 289 1687 185
300 1624 418 1679 Monstra
424 1626 683 1693 serunnpopulatque
690 1625 825 1694 ingentem
831 1625 906 1677 farris
913 1621 1027 1678 acervum

297 1721 442 1784 Curculio,
460 1736 537 1788 atque
552 1720 628 1788 inopi
640 1734 760 1772 metuens
775 1719 887 1772 formica
898 1722 1013 1774 feneblae,

239 1842 245 1867 ι
322 1819 536 1885 Contemplator
551 1817 615 1870 item
627 1818 687 1870 ciam
702 1818 729 1869 se
740 1834 796 1868 nux
807 1816 922 1884 plurima
932 1816 1013 1886 sylvis

294 1915 389 1966 Induet
399 1913 429 1965 iu
439 1913 552 1975 florem,
566 1913 592 1964 ἃ
603 1929 692 1965 ramos
702 1913 820 1965 curvabit
832 1916 937 1965 olentes
949 1933 955 1964 :

296 2013 325 2064 Si
340 2013 462 2080 superant
473 2012 553 2062 foetus
564 2049 571 2072 ,
583 2009 681 2078 pariter
690 2010 819 2062 frumenta
832 2011 990 2079 sequentur,

244 2110 451 2178 190Magnaque
463 2124 523 2160 cum
534 2123 631 2176 magno
643 2108 735 2160 veniet
747 2105 839 2158 tritura
851 2110 949 2160 calore.

297 2205 361 2257 Arfi
372 2205 477 2257 luxuria
488 2204 615 2256 foliorum
626 2206 751 2256 exuberat
760 2204 865 2266 umbra,

249 2357 251 2359 ,
287 2301 479 2369 :Nequicquam
494 2274 605 2367 pingues
617 2299 691 2366 polest
706 2315 773 2351 teret
787 2310 847 2351 area
863 2302 978 2353 culmos.

335 2397 441 2448 Semina
454 2392 511 2447 vidi
523 2396 645 2464 equidem
657 2399 755 2449 multos
765 2397 895 2448 medicare
906 2398 1034 2458 serentes,

298 2497 333 2556 Et
346 2494 418 2546 nitro
433 2493 523 2562 priris,
540 2493 566 2545 δι
578 2493 653 2562 nigrb
667 2495 822 2562 perfundere
834 2494 959 2559 ammei,
1031 2485 1035 2497 ”

247 2608 293 2659 195
305 2590 438 2643 Grandior
447 2604 476 2640 ut
485 2589 566 2641 foetus
576 2589 676 2656 filiquis
688 2589 820 2641 fallacibus
831 2588 912 2653 esset,

299 2690 332 2740 Et
347 2686 468 2757 quamvis
480 2684 536 2756 igni
547 2684 647 2754 exiguo
658 2699 797 2753 properata
806 2687 952 2741 maderent.

249 2826 254 2841 .
300 2784 367 2837 Vidi
375 2782 442 2836 lesia
452 2782 515 2844 diu,
533 2783 559 2832 δι
570 2784 655 2834 multo
668 2781 780 2849 speciata
790 2783 893 2845 labore,

300 2884 468 2951 Degenerare
479 2893 567 2930 tarnen
579 2916 586 2940 ‚
603 2878 632 2929 ni
644 2878 687 2930 vis
698 2878 810 2928 humana
820 2880 964 2945 quotannis

301 2977 421 3030 Maxima
428 2991 542 3045 queque
554 2991 632 3026 manu
641 2978 738 3042 legeret
750 2992 756 3025 r
772 2973 807 3025 f1c
818 2972 909 3025 omnia
917 2974 979 3028 fatis

249 3078 337 3134 nooln
345 3073 420 3145 pejus
434 3088 511 3127 sucre
523 3110 531 3137 ,
547 3088 576 3124 ac
587 3084 659 3123 retro
671 3069 786 3138 sublapsa
795 3067 895 3124 referti.

191 3334 304 3488 Χ
353 3287 359 3293 ’
