2525 3934
309 394 1033 476 emmfrmmssn

347 543 1030 676 ARGUMENTUM

423 776 968 890 L1BR1sExT1,

312 883 611 1016 Arovnsus
637 939 768 1007 AEneas
798 942 838 1008 in
865 936 1038 1010 Iuliano

311 1063 427 1131 Cumas
448 1114 461 1148 ,
486 1062 569 1152 perir
597 1080 729 1127 antrum
752 1062 897 1151 Sibyllee
920 1063 1036 1152 Deipho

310 1185 361 1250 bes
387 1185 554 1274 :dumque
581 1182 674 1249 varia
704 1181 849 1252 Phaebeo
887 1187 923 1252 in
953 1183 1035 1272 templo

310 1304 463 1396 descripta
483 1306 711 1393 contemplatur
729 1320 751 1388 ,³
764 1303 909 1391 jubetur
928 1304 1034 1374 vimmo

310 1428 420 1493 cudere
430 1451 445 1509 ;
458 1422 646 1516 peroflisque
657 1422 836 1512 sacrifieiis
859 1427 987 1516 consulit
998 1423 1034 1488 Si·

309 1543 429 1630 hyllum
457 1547 494 1612 de
512 1543 634 1633 futuris
654 1545 855 1628 eventibus,
883 1549 974 1638 deque
990 1539 1032 1632 des·

310 1663 402 1753 censu
421 1666 469 1729 od
486 1665 615 1752 inferos.
634 1664 767 1753 Sibylla
787 1654 860 1734 tria
881 1665 1032 1760 respondet:
1073 1732 1077 1738 .

311 1785 423 1851 bellum
438 1785 478 1850 ab
499 1784 594 1871 Italis
611 1783 725 1880 instare
743 1785 967 1881 gravifflmum
975 1805 1031 1869 ;n·

311 1931 396 1973 mum
431 1927 557 1972 aureum
584 1951 595 1987 ,
630 1903 765 1970 inventu
797 1906 1029 2002 perdffo'len,

310 2168 410 2209 unum
436 2171 478 2211 ex
503 2144 615 2212 amicis
638 2144 674 2210 in
697 2144 806 2212 littore
826 2170 957 2217 mortem
983 2147 988 2159 '
1027 2194 1030 2199 -
1087 2164 1096 2198 e

310 2262 367 2327 rim
389 2259 504 2358 obiiffe.
526 2263 622 2331 Redit
641 2262 768 2329 AEneas
788 2268 843 2334 ad
856 2268 968 2358 suos,·

310 2404 398 2449 tuum
417 2383 577 2472 Misenum
596 2383 704 2472 reperit
724 2407 738 2450 .·
761 2384 868 2474 hujus
882 2413 924 2454 ex

310 2528 384 2596 rogo
417 2505 493 2568 dum
525 2505 681 2570 exciditur
699 2501 805 2593 sylva
842 2553 854 2587 ,
892 2505 1021 2575 columbe
1088 2523 1096 2566 1

311 2648 385 2692 oves
403 2623 527 2690 Veneris
541 2670 552 2702 ,
565 2623 612 2689 ad
620 2648 746 2691 auream
762 2625 911 2694 arborem
926 2630 1004 2696 AEne
1093 2657 1096 2709 .³

310 2743 478 2813 deducunt.
501 2743 568 2810 Hie
588 2744 687 2835 igitur
702 2741 821 2830 funere
848 2746 1031 2837 perfunc'z‘u,

310 2862 524 2954 noffurnisque
545 2862 711 2954 sacrificiis
734 2865 779 2928 ad
806 2868 981 2939 Avernum
999 2887 1033 2936 on

310 3007 391 3056 erum
420 2978 590 3075 inferorum
620 2981 755 3050 numina
787 3007 996 3074 veneratus,
