2525 3934
316 373 419 471 48·
487 367 906 457 Gnonetcou

313 523 499 583 Pulverulenta
510 545 607 601 coquat
617 531 725 584 maturis
735 531 833 584 solibus
844 528 928 584 astas.

312 623 348 676 At
359 624 379 676 fi
390 643 446 678 non
456 627 535 679 fuerit
545 631 622 680 tellus
631 628 759 693 fecunda,
773 628 819 680 sub
831 625 918 695 ipsum
965 628 968 633 ’

311 720 451 774 Δτᾶυηιω
463 725 536 776 tenui
546 725 583 776 sat
593 725 645 778 etit
653 725 807 793 suspendere
818 723 907 776 sulco:

310 817 368 870 Illic
378 857 387 882 ,
399 820 514 889 efficiant
524 822 591 874 laetis
603 838 637 874 ne
647 822 763 891 frugibus
774 821 880 880 herbas

311 914 363 967 Hic
373 953 381 979 ,
396 914 510 971 sterilem
519 919 630 989 exiguus
641 936 674 972 ne
684 919 782 970 deserat
792 919 890 970 humor
899 931 1003 972 arenam

255 999 293 1049 7⁰
347 1014 464 1067 Alternis
476 1015 545 1068 idem
558 1016 645 1069 tonsas
655 1014 748 1068 ceffare
758 1017 887 1077 novales,

311 1107 344 1160 Et
352 1110 458 1180 segnem
469 1113 568 1180 patiere
579 1113 629 1165 fitu
641 1113 774 1164 durescere
783 1128 924 1181 campum:

309 1205 364 1258 Aut
373 1207 411 1260 ibi
423 1207 492 1262 flava
500 1210 569 1262 setes
580 1225 682 1263 mutato
693 1210 773 1262 fidere
782 1209 848 1262 farra
859 1248 866 1272 ‚

309 1304 387 1357 Unde
398 1306 470 1374 prius
481 1309 571 1359 laetum
580 1307 672 1375 filiqui
681 1304 812 1375 quaffante
822 1307 964 1374 legumen,

309 1401 362 1453 Aut
373 1416 464 1454 tenues
476 1403 556 1456 foetus
564 1402 661 1464 viciae,
676 1401 805 1468 tristisque
817 1400 903 1469 lupini

252 1484 285 1537 75
308 1497 444 1550 Sustuleris
455 1499 558 1567 fragiles
568 1500 683 1551 calamos
693 1537 701 1558 ,
717 1497 872 1566 sylvamque
882 1496 1003 1550 sonanttn

307 1593 369 1645 Urit
378 1593 450 1645 enim
461 1594 510 1646 lini
519 1610 641 1662 campum
653 1595 725 1664 seges
736 1632 744 1657 ‚
755 1593 809 1646 urit
818 1609 928 1658 avene,
977 1662 979 1666 ‚

306 1690 395 1741 Urunt
403 1691 500 1743 lethaeo
510 1692 611 1758 perfusa
621 1707 752 1760 papavera
762 1691 866 1744 somno.
974 1754 978 1760 ι

304 1789 357 1841 Sed
368 1802 457 1841 tamen
465 1787 573 1841 alternis
581 1787 665 1851 facilis
673 1788 764 1841 labor:
775 1787 845 1838 asida
853 1764 960 1839 tantimt
978 1768 981 1775 Ι

304 1885 346 1937 Ne
358 1885 470 1939 saturare
480 1883 547 1938 fimo
558 1884 651 1957 pingui
661 1887 757 1957 pudeat
766 1884 835 1946 sola,
848 1899 917 1955 neve

248 1961 284 2013 ⁸0
304 1980 417 2035 Effoetos
428 1982 544 2035 cinerem
554 1965 717 2044 immundum
725 1977 820 2044 juiiare
829 1995 877 2046 per
886 1994 973 2047 agros.

304 2081 348 2132 Sic
358 2097 465 2149 quoque
474 2081 581 2133 mutatis
591 2078 755 2147 requiescunt
765 2075 872 2129 foetibus
884 2091 961 2135 arva3

302 2177 359 2228 Nec
368 2179 439 2228 nulla
450 2176 549 2229 interea
560 2175 596 2229 est
606 2176 711 2228 inaratae
721 2173 803 2244 gratia
812 2187 896 2226 terrae.

338 2275 413 2342 Saepe
424 2273 505 2326 etiam
515 2273 613 2327 steriles
624 2274 762 2326 incendere
771 2271 871 2338 profuit
880 2287 971 2340 agros,

302 2371 389 2439 Atque
398 2374 487 2423 levem
495 2370 615 2438 stipulam
626 2359 812 2438 crepitantibus
822 2383 898 2418 urere
908 2361 1003 2417 flammi

246 2447 278 2512 35
302 2467 365 2520 Sive
376 2467 435 2520 inde
447 2468 561 2519 occultas
570 2466 642 2518 vires
653 2465 679 2517 &
689 2466 782 2533 pabula
793 2478 868 2517 tertae

301 2563 411 2632 Pinguia
420 2562 592 2631 concipiunt:
609 2561 663 2615 five
674 2561 726 2613 inis
738 2577 818 2614 omne
830 2560 977 2631 perignem

300 2659 464 2728 Excoquitur
475 2658 572 2712 vitium
585 2698 592 2722 ‚
604 2674 682 2727 atque
693 2658 801 2711 exsudat
810 2656 912 2709 inutilis
923 2657 1003 2710 humo

300 2757 353 2808 Seu
362 2758 449 2824 plures
461 2759 532 2809 calor
542 2757 586 2808 ille
595 2757 653 2810 vias
663 2757 689 2808 &
698 2773 765 2808 caeca
777 2757 876 2807 relaxat

299 2852 482 2922 spiramenta,
494 2871 578 2907 novas
588 2853 680 2906 veniat
688 2851 739 2921 qui
751 2852 839 2905 succus
852 2851 881 2904 in
890 2852 1000 2904 herbas:

244 2943 282 2994 9⁰
300 2952 353 3003 Seu
360 2953 435 3004 durat
445 2952 527 3020 tnagis
538 2990 545 3013 ‚
556 2952 583 3003 ἃ
593 2967 674 3003 venas
686 2948 818 3020 adstringit
827 2947 932 3003 hiantes
943 2970 952 3012 ς

300 3051 341 3104 Ne
352 3063 445 3104 tenues
453 3047 552 3119 pluvie
563 3047 681 3119 rapidive
693 3043 811 3116 potentia
820 3045 885 3100 solis

931 3140 1003 3196 Acti<
