2525 3934
380 387 654 472 EccocA
703 386 852 494 Vm.
935 419 982 500 3¹

228 553 327 634 Incipe
339 553 487 606 Maenalios
497 570 620 617 mecum,
636 569 696 606 mea
705 553 785 617 tibia,
796 553 898 605 versus.

272 651 409 708 Maeualus
422 665 596 725 argutumque
606 667 700 703 nemus
709 649 841 727 pinosque
849 651 989 716 loquentes

240 749 352 814 Semper
362 748 440 799 habet
450 765 457 798 z
468 734 572 825 semper
581 746 713 815 pastorum
725 745 770 797 ille
786 744 857 797 audit
866 762 968 797 amores
980 764 988 804 3

242 843 363 912 Panaque
375 843 423 913 qui
433 845 535 911 prmius
545 846 661 895 calamos
671 840 823 911 nonpaffus
833 842 940 894 inertes.

241 940 333 1008 Incipe
343 939 487 992 MaenaIios
499 955 605 991 mecum
616 978 624 1001 ,
640 955 698 991 mea
708 938 771 990 tibia
782 978 790 1003 ,
801 938 902 991 versus.
942 984 945 989 .
1012 953 1044 1004 ης

279 1036 383 1103 Mopso
389 1035 454 1087 Nisa
464 1036 553 1088 datur!
566 1035 642 1109 Quid·
648 1052 703 1088 non
712 1035 846 1104 speremus
855 1036 990 1087 amantes?

241 1134 394 1201 Iungentur
406 1130 458 1196 iam
470 1131 585 1200 gryphes
596 1114 672 1200 equis
685 1171 693 1194 ,
712 1148 825 1200 aevoque
836 1130 956 1199 sequenti

245 1232 317 1280 Cum
327 1227 434 1279 canibus
444 1226 532 1278 timidi
540 1226 651 1281 venient
659 1229 692 1281 ad
702 1229 799 1295 pocula
810 1229 902 1280 darum

247 1324 346 1390 Mopse
357 1362 365 1385 ,
375 1340 460 1376 novas
473 1324 558 1376 incide
569 1323 639 1377 sacen
650 1343 657 1376 ε
668 1323 717 1377 tibi
726 1326 830 1377 ducitur
840 1340 919 1377 uxor.

248 1400 879 1491 Sparge,marite,nuces:tibideseritlicspenu
887 1419 991 1475 Oetam.
1015 1436 1048 1488 30

246 1515 341 1583 Incipe
351 1514 493 1566 Maenalios
505 1530 610 1566 mecum
623 1552 631 1579 ,
642 1498 700 1589 mea
709 1515 790 1578 tibia,
802 1515 904 1570 versus.

286 1611 315 1664 Ο
325 1611 407 1680 digno
416 1611 557 1676 conjuncta
568 1611 629 1663 viro
643 1616 650 1665 I
660 1614 723 1665 dum
733 1613 845 1683 despicis
854 1631 947 1668 omnes
957 1654 965 1679 ,

249 1710 380 1775 Dumque
389 1707 436 1759 tibi
446 1707 482 1759 est
491 1707 556 1759 odio
566 1724 624 1786 mca
636 1705 718 1760 fistula
727 1746 736 1771 ,
745 1710 859 1778 dumque
868 1714 974 1779 capellae
985 1750 993 1774 ,

252 1804 444 1873 Hirsummque
454 1804 642 1873 supercilium,
657 1804 833 1875 promiffaque
843 1809 939 1865 barbaa

251 1903 310 1954 Nec
322 1916 412 1953 curare
423 1901 512 1953 Deum
523 1903 606 1954 credis
618 1903 740 1955 mortalia
750 1919 919 1972 quemquam.
1019 1917 1048 1970 35

250 1998 345 2065 Incipe
356 1996 498 2068 Maenalios
510 2013 632 2062 mecum,
645 2015 704 2066 mea
715 1998 780 2049 tibia
790 2036 800 2059 ,
810 1999 912 2052 versus.

290 2093 403 2163 Sepibus
415 2093 443 2144 in
455 2092 550 2145 nostris
562 2110 671 2167 parvam
682 2109 709 2146 te
721 2093 821 2146 roscida
832 2097 900 2148 mala

254 2189 345 2255 (Dux
354 2206 405 2258 ego
416 2189 500 2267 vester
511 2206 583 2253 eram
594 2191 603 2254 )
615 2172 672 2243 vidi
682 2208 742 2243 cum
751 2205 834 2244 matre
844 2196 976 2264 legentem
990 2215 996 2248 ε

255 2288 334 2338 Alter
344 2285 374 2336 ab
383 2286 520 2341 undecimo
528 2301 587 2365 ¹tum
599 2303 641 2337 me
651 2284 702 2363 iam
712 2302 828 2363 coeperat
837 2306 935 2344 annus:

255 2383 271 2437 J
274 2397 318 2432 am
329 2379 432 2451 fragiles
441 2397 561 2458 poteram
571 2398 586 2432 a
596 2396 664 2435 terra
673 2385 825 2454 contingere
835 2403 933 2442 ramos.
1021 2404 1057 2451 40

255 2481 296 2532 Ut
305 2477 362 2531 vidi
375 2517 383 2541 ,
398 2492 428 2530 ut
438 2477 525 2547 perii,
541 2493 571 2529 ut
583 2494 625 2530 me
638 2483 722 2532 malus
731 2481 833 2534 abstulit
842 2500 916 2536 error
929 2488 937 2538 I

254 2578 349 2646 Incipe
360 2576 501 2651 Maenalios
511 2592 634 2639 mecum,
650 2594 707 2630 mea
719 2578 800 2643 tibia,
811 2579 914 2634 versus.

292 2678 372 2727 Nunc
385 2666 440 2726 scio
453 2673 517 2742 quid
528 2672 559 2724 sit
567 2673 660 2726 Amor.
673 2676 756 2727 Duris
767 2675 797 2726 in
811 2675 914 2729 cotiims
926 2676 1002 2731 illum

254 2772 386 2835 Ismarus,
399 2785 444 2822 aut
453 2768 585 2841 Rhodppe
595 2807 603 2831 ,
615 2784 660 2821 aut
671 2771 784 2822 extremi
796 2770 984 2837 Garamantes,

254 2870 314 2922 Nec
324 2865 407 2927 nostri
417 2864 522 2935 generis
531 2881 660 2933 puerum,
670 2882 717 2919 nec
727 2867 859 2937 sanguinis
869 2871 960 2922 edunt.
1022 2884 1056 2936 45

254 2963 349 3033 Incipe
358 2961 501 3015 Maenalios
513 2977 615 3013 mecum
628 3002 636 3027 ,
652 2980 709 3017 mea
718 2965 783 3019 tibia
793 3004 800 3029 ,
812 2964 914 3018 versus.

293 3063 387 3116 Saevus
394 3061 485 3126 ¹Amor
496 3056 586 3110 docuit
597 3074 719 3114 natorum
729 3059 853 3131 sanguiue
864 3072 976 3110 matrem

824 3154 893 3206 Biv
