2525 3934
389 296 684 380 'huin
730 265 777 381 I.¹
925 326 978 407 49

234 458 348 522 letior,
366 473 413 511 ant
424 458 515 510 Boreae
528 458 689 527 penetrabile
698 458 781 528 frigus
790 458 888 510 adurat.

266 557 389 608 Multiim
402 557 468 607 adeo
479 553 566 606 rastris
578 555 666 623 glebas
681 553 728 623 qui
738 554 835 623 frangit
844 552 942 607 inertes
954 592 962 618 ‚

226 643 426 722 ³Vimineasque
435 651 516 703 trahit
527 665 611 703 crates
622 648 712 716 ‚iuva
723 666 786 702 arva
795 668 805 702 t
813 649 980 718 nequeillum
1000 654 1032 705 95

231 749 311 803 Flava
325 752 408 802 Ceres
419 750 475 801 alto
484 747 663 816 nequicquam
674 746 772 815 specht
782 747 924 816 Olympo:

229 844 261 897 Et
271 846 320 915 qui
332 885 340 911 ‚
352 844 482 914 proseiffo
493 861 552 913 quae
561 843 669 896 suscitar
679 860 786 912 equore
797 859 887 914 terga,

229 942 332 996 Rurslrs
346 942 376 993 in
389 941 530 1010 obliquum
539 940 618 993 verso
628 940 775 1009 perrumpit
783 954 888 1006 aratro,

229 1038 399 1107 Enercetque
410 1039 534 1107 frequens
543 1040 680 1101 tellurem,
690 1051 768 1107 atque
777 1035 979 1106 imperaturis.

231 1136 355 1188 Humida
363 1134 474 1187 solstitia
483 1151 560 1204 arque
570 1136 682 1205 hyemes
695 1148 769 1189 orate
777 1136 898 1199 serenae,
984 1141 1036 1179 100

232 1231 368 1302 Agricola
381 1233 521 1302 :hyberno
530 1232 658 1285 latissima
667 1234 779 1302 pulvere
790 1233 872 1296 lurra,

232 1330 323 1382 Laetus
333 1344 395 1399 ager
407 1348 414 1383 :
430 1330 507 1382 nullo
518 1328 621 1381 taurim
631 1328 658 1381 se
667 1328 755 1399 Myfia
764 1329 838 1381 cultu

231 1425 246 1480 J
249 1424 317 1478 adar
327 1464 335 1488 ‚
351 1425 377 1477 &
389 1425 444 1494 ipsa
453 1425 511 1477 suas
522 1425 651 1478 mirantur
663 1425 779 1495 Gargara
787 1423 890 1479 inesset.

271 1521 348 1588 Quid
356 1521 458 1585 dicam,
475 1521 545 1588 jado
556 1522 603 1591 qui
613 1523 711 1575 semine
724 1523 845 1576 cominius
854 1538 917 1575 arva

234 1616 405 1685 Insequitur,
419 1618 590 1687 cumulosque
603 1618 656 1670 ruit
665 1619 733 1672 mald
742 1618 847 1689 pinguis
859 1620 961 1671 arenae?
984 1631 1031 1682 105

235 1712 345 1775 Deinde
355 1712 416 1766 satis
427 1713 541 1766 fluvium
553 1715 672 1779 inducit,
687 1716 813 1785 rivosque
825 1717 978 1785 sequentcs3

235 1810 268 1863 Et
278 1810 340 1863 edm
351 1809 456 1863 exustus
466 1826 528 1880 ager
535 1811 711 1864 morientibus
724 1810 812 1878 alluat
822 1812 925 1876 herbis,

232 1906 300 1958 Ecce
310 1904 453 1974 supercilio
463 1906 558 1959 clivofi
568 1908 682 1960 tramitis
691 1910 789 1960 undam

232 2001 313 2055 Elicit
326 2020 334 2053 ε
348 2001 393 2054 illa
404 2003 498 2053 cadens
510 2019 616 2055 raucum
628 2021 675 2072 per
684 2004 756 2057 levia
766 2021 884 2059 murmur

232 2099 305 2151 Saxa
315 2096 369 2148 ciet
381 2136 389 2159 ,
404 2097 576 2168 scatebrisque
586 2102 686 2152 arentia
696 2116 825 2172 temperat
835 2122 907 2158 arva.
983 2119 1034 2156 110

233 2193 312 2260 Quid
323 2232 331 2256 ‚
341 2191 402 2260 qui,
412 2210 445 2246 ne
454 2195 568 2264 gravidis
579 2199 733 2265 procumbat
743 2202 843 2252 culmus
853 2200 951 2267 aristis,

233 2290 383 2345 Luxuriem
394 2290 510 2360 segetum
519 2308 609 2345 tenera
619 2295 734 2362 depascit
744 2296 772 2348 in
782 2298 878 2362 herba,

234 2389 304 2440 clim
316 2387 432 2456 primurn
443 2389 530 2441 sulcos
541 2405 646 2457 aequant
657 2391 711 2442 sata
720 2410 728 2450 ς
738 2392 836 2461 quique
847 2395 949 2463 paludis

234 2484 384 2538 eollechm
393 2486 534 2539 humorem
545 2487 632 2540 bibuld
644 2489 748 2540 deducit
757 2489 852 2543 areni?

231 2581 381 2634 Praesertim
393 2581 502 2634 incertis
512 2583 531 2634 fi
542 2585 672 2636 menfibus
684 2585 769 2636 amnis
779 2587 911 2639 abundant
983 2605 1029 2654 115

231 2679 295 2733 Exit
307 2706 314 2742 ·,
332 2679 359 2730 ἀ
367 2677 484 2731 obdudlo
495 2677 548 2731 lare
558 2692 630 2731 tenet
641 2680 731 2731 omnia
741 2680 823 2747 limo,

232 2777 311 2829 Unde
320 2792 393 2828 cave
403 2774 495 2843 tepido
504 2774 595 2826 sudant
602 2776 715 2827 humore
724 2777 832 2832 lacunae.

247 2874 305 2926 Nec
311 2869 532 2934 tamen‚haecci1m
539 2869 784 2940 sinthominumquc
790 2874 924 2941 boumque
929 2876 1032 2936 labores

229 2970 370 3026 Versando
382 2968 481 3019 terram
493 2966 598 3037 experri
608 3004 615 3032 ,
627 2966 699 3021 nihil
713 2968 849 3038 improbus
864 2969 954 3043 anser,

300 3065 390 3119 Tamus
408 3063 435 3118 1.
810 3066 832 3118 C
