2525 3934
297 416 390 474 212·
475 383 841 479 ,ἄπειρος

293 555 342 608 Illa
352 553 401 608 tibi
411 551 494 607 Italiae
505 553 621 622 populos
634 590 643 617 ,
657 565 825 622 venturaque
834 552 928 614 bellass
965 592 970 605 .
1076 602 1078 609 ,

294 652 327 703 Et
338 669 393 721 quo
404 668 535 722 quemque
545 651 627 705 modo
636 648 1038 721 hgiasqumerasquelaboren

239 746 293 810 4⁶0
300 748 429 817 Expediet
442 747 601 818 ‚cursusque
609 747 681 801 dabit
691 759 819 800 venerata
829 747 975 803 sectandos.

297 846 359 897 Haec
369 844 429 897 sunt
440 862 501 914 qua
510 843 598 897 nostrl
608 843 687 897 licent
697 859 725 897 te
734 858 807 897 voce
818 842 938 897 moneri.

235 931 238 937 ’
296 941 372 994 Vade
382 938 1013 1011 age‚&ingentemfa&iaferadaerheraijam.

336 1038 402 1104 Quae
415 1037 553 1107 postquam
563 1052 641 1091 vates
653 1037 688 1090 fic
699 1053 746 1090 ore
757 1035 857 1090 enam
869 1036 951 1090 amieo
960 1035 1016 1100 est,

299 1135 379 1187 Dona
389 1135 483 1189 dehinc
492 1152 557 1189 auro
569 1135 661 1205 gravia
671 1173 680 1198 ‚
696 1133 823 1203 sedoque
833 1136 979 1204 eleplnnto

243 1233 295 1297 465
304 1233 419 1303 Imperat
430 1236 463 1288 ad
472 1251 555 1288 naves
565 1234 646 1289 ferri:
658 1233 789 1303 stipatque
798 1233 899 1288 carinis

300 1330 397 1400 Ingens
407 1345 544 1403 argentum
553 1369 562 1396 ,
572 1330 782 1400 Dodonaeosque
793 1331 911 1391 lebetam

302 1427 426 1480 Loricam
435 1427 582 1480 consertam
590 1425 695 1490 hamis,
711 1443 831 1496 auroque
844 1426 984 1492 midioen,
1076 1468 1078 1493 2

303 1523 336 1573 Et
344 1540 443 1576 conum
454 1523 561 1594 infigatis
571 1525 670 1593 galeae,
680 1521 819 1595 cristasque
831 1538 993 1590 comantes,
1076 1526 1078 1533 '

303 1619 384 1671 Arma
394 1619 583 1689 Neoptolemi:
596 1619 656 1672 sunt
665 1619 692 1670 ἀ
700 1619 747 1672 sua
756 1619 828 1672 dona
836 1619 960 1689 parenti.

249 1715 388 1781 47oAddit
397 1731 481 1782 equos
494 1753 502 1774 .
515 1715 638 1784 additque
648 1716 737 1769 duces.
1076 1694 1079 1699 ¹

305 1811 458 1887 Remigium
469 1811 588 1879 supplet:
601 1809 690 1863 socios
701 1810 778 1863 srmnl
788 1809 898 1866 instruit
910 1811 1005 1871 arnis.

342 1911 446 1966 Interea
459 1905 563 1962 clafl'em
574 1905 644 1959 velis
656 1921 745 1976 aptare
755 1905 864 1972 iubebat

306 2007 452 2071 Anchises,
467 2003 543 2058 fieret
552 2016 637 2057 vento
647 2020 723 2056 mota
731 2019 765 2055 ne
775 2019 827 2072 qua
836 2004 950 2061 serenti.

308 2106 397 2172 Quem
407 2103 500 2157 Phoebi
511 2103 641 2170 interpres
653 2103 738 2153 multo
751 2103 900 2169 compellat
911 2104 1036 2161 honoret

253 2215 303 2269 475
315 2200 450 2269 Coniugio
459 2200 572 2252 Anchisa
583 2197 698 2251 Veneris
708 2198 813 2268 dignate
823 2199 967 2268 superbo,

311 2301 380 2350 Cura
390 2297 497 2360 Derim,
512 2297 552 2350 bis
564 2296 712 2366 Pergameis
724 2311 814 2364 erepte
826 2297 934 2363 ruinis,

310 2396 376 2448 Ecce
386 2394 435 2448 tibi
447 2394 571 2447 Ausoniae
583 2396 678 2447 tellus:
691 2394 758 2446 hanc
769 2393 857 2462 arripe
866 2397 955 2453 velis.

311 2493 343 2544 Er
353 2507 441 2545 tamen
449 2491 517 2543 hanc
526 2492 621 2561 pelago
634 2491 813 2560 praeterlabare
824 2491 933 2548 necesse
945 2493 994 2549 est.

312 2588 435 2642 Ausoniae
445 2605 505 2657 pars
516 2588 563 2643 illa
573 2592 688 2656 procul,
705 2605 783 2657 quam
792 2588 888 2656 pandit
904 2593 1021 2660 Apollo.

257 2689 392 2755 480Vade
403 2727 411 2751 ,
424 2685 479 2751 ait,
495 2683 591 2738 dielix
604 2684 659 2738 nati
671 2684 786 2753 pietate:
797 2684 863 2752 quid
872 2689 949 2741 ultra
970 2686 974 2693 '

313 2764 466 2846 Provehor‚
477 2783 504 2834 δι
513 2782 592 2834 fando
603 2780 739 2851 surgentes
748 2781 876 2832 demoror
886 2783 1013 2839 austros?

313 2883 371 2935 Nec
382 2879 469 2931 mimis
481 2879 679 2942 Andromache,
690 2875 802 2946 digressu
813 2878 912 2936 moesta
924 2881 1060 2953 supremo,

314 2981 375 3032 Fert
387 2975 527 3045 pieluratas
540 2976 596 3028 auri
606 2975 752 3028 subtemine
762 2973 849 3028 vestes
859 3015 868 3038 ,

316 3077 348 3131 Et
356 3071 614 3149 Phrygiamhscanio
624 3072 790 3143 chlamydem
797 3091 806 3128 ·.
813 3088 864 3127 nec
869 3076 944 3130 cedit
951 3076 1049 3134 honori
