2525 3934
409 354 796 458 Paaeuarro.
944 385 975 440 v

223 515 300 623 latie
327 515 411 591 inter
433 521 465 592 se
490 546 574 617 quos
594 517 813 615 undequaque
835 517 975 613 conqui-

227 637 308 708 sitos
320 645 431 734 parare
450 642 547 712 nobis
561 642 676 729 licuit,
692 641 782 710 libris
794 636 889 710 editis
902 689 914 726 ,
926 663 973 708 ne

230 757 309 854 quid
320 786 404 833 curae
417 762 632 856 Philologicae
645 757 886 831 desideraretur.
894 757 972 827 Erat

230 876 268 950 δι
289 881 378 951 aliud
398 880 600 972 curandum,
616 906 660 952 ne
680 878 837 951 'videlicet
852 875 971 947 duma

228 999 359 1071 mendis
375 1001 545 1074 vindicare
560 1002 736 1096 Virgilium
754 1017 971 1086 tentaremus,

227 1146 328 1191 novae
341 1120 384 1191 de
396 1119 508 1192 nostro
525 1119 625 1191 fundo
646 1118 757 1190 eidem
770 1119 971 1189 inurerentur

227 1242 367 1310 maculae
389 1241 504 1335 quibus
523 1242 599 1311 huic
615 1237 733 1310 nostrae
751 1236 888 1309 editioni
909 1237 972 1319 alif

230 1358 311 1456 quid
329 1360 425 1454 pretii
443 1358 672 1430 detraheretur.
984 1342 986 1347 ¹

277 1482 446 1552 Gemente
465 1499 574 1552 autem
594 1482 695 1576 praelo
719 1481 875 1578 quantum
896 1505 970 1552 mo-

226 1598 328 1671 lestiae
340 1625 379 1671 ac
393 1599 507 1671 fastidii
520 1627 591 1672 non
607 1628 672 1672 una
683 1627 736 1674 res
755 1603 850 1673 nobis
866 1627 970 1698 pepe-

228 1722 333 1808 rerit,
355 1719 450 1791 facile
462 1722 622 1817 intelliget
633 1723 775 1818 quisquis
787 1722 821 1793 in
835 1719 971 1810 eadem,'

228 1842 295 1937 qual
309 1867 393 1930 nos,
411 1841 554 1936 palestra
571 1843 667 1916 fuerit
681 1842 867 1940 aliquandiu
878 1869 971 1915 exer·

225 1962 495 2033 citatus.Verl1m
508 1989 571 2035 nec
590 1972 701 2060 operae
718 1990 780 2037 nec
793 1964 881 2036 taedii
898 1989 971 2058 poe·

225 2084 336 2170 nitet,
358 2080 460 2151 modo
473 2083 675 2179 propofitum
689 2081 818 2155 assecuti
833 2083 971 2178 diligen-

227 2200 276 2271 tia
290 2199 401 2270 nostra
411 2202 561 2273 nonnihil
578 2200 729 2297 prodesse
743 2202 896 2298 possimus
908 2201 972 2274 stu·

230 2318 331 2390 diofis
343 2320 506 2392 Musarum
516 2324 692 2394 cultoribus
706 2349 835 2419 :neque
847 2324 973 2396 idcir'co

215 2437 414 2511 ,dubitamus
444 2440 514 2513 sore
543 2445 720 2514 nonnullos
747 2446 803 2539 qui
830 2443 972 2515 nostram

231 2559 316 2629 hanc
335 2562 479 2654 opellam
504 2583 658 2657 caperato
678 2563 852 2658 supercilio
864 2564 972 2660 asper-

235 2693 373 2768 nentur,
397 2680 433 2752 &
450 2681 491 2753 ad
508 2685 737 2779 Philologicos
751 2684 973 2778 exploratores

240 2820 296 2869 uos
314 2799 483 2898 nostraque
506 2803 693 2876 amandent.
715 2804 769 2874 Ne
789 2803 837 2874 isti
858 2806 971 2876 saltem

178 2969 190 3010 p
246 2935 399 3004 graventur
436 2923 594 2996 eximium
636 2922 759 3018 habere
793 2922 971 2995 Nicolaum

768 3066 848 3134 au]
