2525 3934
232 332 258 445 ‘j
382 338 796 428 ⁴anrarroA

220 501 389 574 Heinsrum
404 530 422 576 e
438 504 530 600 cujus
548 506 612 578 fide
624 497 695 577 non
710 530 814 601 pauca
823 501 966 576 restitui·
1028 570 1030 575 .
1072 524 1096 587 21

219 649 323 714 mus,
355 625 431 697 cirm
455 628 511 698 ille
533 626 741 700 noviffimam
769 627 902 720 Virgilii
919 625 964 694 sui

219 743 400 818 editionem
420 773 461 820 ex
484 749 582 820 MSS.
596 749 729 845 triginta
748 746 966 819 contexuerit.

219 855 287 937 s'ed
296 868 491 964 Fogginium
501 869 543 941 de
553 869 690 942 Heinsio
703 867 812 940 nostro
825 867 966 965 loquen-
1086 942 1096 951 ,

219 1006 288 1058 tem
303 986 482 1060 audiamus.
961 1096 968 1107 .

231 1134 233 1139 ’
269 1110 500 1202 Quamobrem
523 1110 702 1182 laudandus
723 1109 813 1181 certe
829 1107 876 1181 est
894 1110 967 1181 ele·

219 1229 417 1326 gantilsrmus
439 1233 496 1304 ille
521 1233 687 1325 Musarum
714 1229 901 1328 Amafius,
929 1248 966 1301 ut

220 1376 296 1423 eum
313 1373 412 1425 vocat
436 1352 611 1440 Norisrus‚
636 1349 710 1451 (a)
733 1348 770 1422 &
791 1353 967 1422 Poetarum
1053 1410 1096 1435 ,2

219 1474 435 1560 Latinorum,
459 1493 531 1545 uta
551 1475 704 1544 Bentleio
726 1470 797 1570 (b)
816 1471 966 1562 dicitur,
1051 1552 1054 1561 ‚
1075 1534 1096 1561 2

220 1595 521 1685 Sospitatorunicus
533 1595 692 1665 Nicolaus
702 1592 967 1683 Heinsius,Da·
1050 1636 1096 1682 ·..·

219 1716 315 1784 nielis
327 1715 433 1802 filius,
453 1716 532 1809 qui,
549 1715 596 1783 uti
612 1712 725 1809 praesto
742 1712 844 1784 ellent
858 1715 968 1784 omni·

219 1836 279 1905 bus
292 1837 431 1930 Vergilii
447 1837 606 1907 Poemata
624 1831 751 1930 optime
766 1834 966 1926 emendata,

219 1980 289 2027 non
308 1956 411 2028 solirm
432 1956 613 2053 Scriptores
635 1957 684 2026 rei
702 1957 966 2049 Grammaticae,
1047 1982 1050 1987 ’

220 2079 363 2174 aliosque
396 2103 512 2148 omnes
542 2102 583 2146 ex
609 2077 749 2170 antiquis
775 2059 915 2150 Latinis·
931 2081 966 2150 in
1045 2126 1052 2175 t

220 2203 361 2272 Marone
385 2196 570 2268 illustrando
593 2215 774 2291 occupatos
797 2250 808 2286 ,
831 2217 887 2269 aut
908 2202 967 2296 qui

221 2346 297 2390 eum
310 2316 590 2390 adhibenttestem
606 2371 618 2407 ,
638 2318 836 2412 diligentiae
854 2317 972 2394 seduli

221 2440 325 2536 operd
341 2440 525 2528 consuluit,
543 2438 599 2510 sed
623 2440 721 2508 etiam
743 2440 874 2533 triginta
893 2436 967 2514 ferd
1044 2466 1047 2475 ’

222 2561 320 2633 MSS.
342 2558 514 2647 Codices,
530 2559 686 2653 illumque
704 2561 867 2655 praecipue
878 2578 895 2653 ,’
908 2564 967 2659 qui

223 2685 321 2754 abeo
335 2682 414 2752 tanti
429 2679 475 2752 est
489 2680 639 2769 habitus,
657 2699 692 2750 ut
702 2680 863 2753 diceretur
876 2681 968 2783 (c):
1044 2676 1047 2683 ⁴

223 2806 333 2875 Codex
351 2799 723 2900 longlprastantiffimus
741 2854 753 2887 ,
772 2824 864 2895 arque
883 2818 971 2873 unus
1050 2785 1096 2900 Γ

259 2928 271 2989 l
280 2930 313 2996 a)
335 2927 459 2992 Centoph.
479 2916 557 2976 Pisan.
575 2923 626 2974 diss'.
644 2939 686 2976 tv.
708 2922 736 2991 S.
751 2939 778 2977 2.

260 3003 309 3071 (l)
329 3000 469 3052 Commeat.
485 3000 509 3050 in
528 2998 591 3050 Hor.
609 3014 665 3066 pag.
680 3013 723 3060 5²·

261 3078 316 3146 (c)
333 3075 360 3129 lu
373 3072 447 3127 Praet.
