2525 3934
308 432 390 489 :too
477 401 896 493 Gronorcolv

301 564 334 616 ln
345 565 423 618 saltus
432 579 573 636 utrumque
583 584 690 640 gregem
699 582 777 638 atque
787 568 816 621 in
826 565 921 638 pascua
929 566 1030 623 mittes.v

302 661 416 714 Luciferi
428 663 517 732 primo
526 681 587 716 cum
598 663 680 718 fidere
689 663 783 734 frigida
792 681 851 718 rura

247 763 296 817 325
308 761 461 827 Carpamus‚
470 762 532 812 dum
540 778 617 814 mane
624 777 728 814 novum
735 801 742 824 ,
750 746 812 813 dum
820 760 938 830 gramina
944 776 1044 825 canent,

300 856 334 907 Et
344 872 389 909 ros
399 855 428 907 in
437 871 527 909 tenera
536 858 628 925 pecori
639 856 794 927 gratisfimus
803 859 883 910 herba
893 857 939 912 est.

300 953 364 1004 Inde
375 991 383 1014 ,
395 951 440 1004 ubi
452 967 543 1020 quarta
552 953 622 1005 sitim
634 954 698 1006 coeli
708 955 846 1023 collegerit
854 956 942 1020 hora,

300 1050 335 1101 Et
343 1062 422 1102 cantu
433 1052 548 1119 querula
559 1064 684 1119 rumpent
696 1049 795 1103 arbusta
806 1050 919 1116 cicade,

301 1146 343 1198 Ad
352 1163 447 1215 puteos
457 1162 502 1200 aut
511 1150 563 1200 alta
572 1165 664 1218 greges
674 1149 706 1200 ad
715 1147 802 1218 stagna
811 1146 902 1214 jubeto

248 1248 301 1303 330
309 1245 465 1310 Currentem
477 1245 566 1315 ilignis
578 1260 671 1314 potare
681 1245 812 1298 canalibus
823 1247 921 1298 undam
934 1264 942 1299 ε

302 1341 417 1396 AEstibus
427 1357 454 1394 at
463 1342 556 1396 mediis
565 1343 716 1395 umbrosam
725 1341 865 1410 exquirere
877 1343 976 1395 vallem
986 1383 995 1408 ,

303 1438 393 1491 Sicubi
405 1456 500 1511 magua
509 1442 523 1495 J
525 1439 708 1507 ovisantiquo
718 1440 813 1492 robore
824 1457 936 1509 quercus

303 1535 427 1604 Ingentes
440 1540 529 1590 tendat
538 1553 626 1590 ramos
636 1577 643 1601 ‚
655 1549 700 1589 aut
714 1536 794 1589 sicubi
808 1536 915 1606 nigrum

303 1631 518 1685 Ilicibus-crebris
529 1633 598 1686 sacri
608 1649 702 1685 nemus
714 1635 821 1685 accubet
831 1631 933 1687 umbra.

250 1739 299 1794 335
309 1730 379 1781 Tum
395 1742 488 1781 tenues
499 1730 560 1781 dare
571 1729 660 1781 rursus
671 1745 750 1798 aquas
761 1769 769 1793 ‚
787 1729 813 1781 ὃ(
828 1730 934 1797 pascere
946 1730 1048 1795 rursus,

237 1854 239 1857 ·
304 1826 376 1879 Solis
385 1827 418 1879 ad
428 1826 549 1878 occasum
562 1845 570 1886 ·,
587 1827 647 1878 ciam
656 1826 766 1896 frigidus
776 1826 836 1879 aera
845 1828 950 1895 Vesper
1042 1807 1045 1812 ’

304 1925 465 1993 Temperat,
483 1924 509 1976 δι
525 1922 604 1976 saltus
616 1922 703 1976 reficit
712 1921 764 1989 jam
774 1922 876 1975 roscida
885 1923 976 1987 Luna,

305 2022 461 2092 Litteraque
470 2024 629 2092 halcyonem
640 2021 779 2085 resonant,
790 2021 817 2073 bc
826 2021 962 2074 acanthida
969 2017 1049 2075 dumi.

342 2119 415 2185 Quid
424 2119 472 2172 tibi
484 2119 599 2189 pastores
611 2118 719 2189 libyae,
737 2116 800 2186 quirl
810 2118 903 2185 pascua
914 2117 994 2170 versu

250 2217 455 2286 340Prosequar
471 2255 479 2280 ‚
494 2217 595 2269 &raris
607 2215 722 2268 habitata
737 2215 849 2284 mapalia
864 2214 962 2268 teiiis?

307 2317 381 2383 Saepe
387 2313 457 2367 diem
465 2354 472 2377 ,
480 2313 655 2383 mollemque,
667 2316 787 2366 &totum
794 2330 829 2366 ex
836 2313 929 2365 ordine
937 2312 1052 2365 mensem

306 2413 422 2465 Pascitur
433 2452 439 2476 ,
456 2413 529 2482 itque
541 2429 621 2480 pecus
630 2413 712 2480 longa
721 2411 750 2461 in
759 2411 858 2463 deserta
868 2410 921 2461 fine
931 2411 994 2462 ullis

307 2509 440 2580 Hospitiis
452 2530 458 2564 :
473 2523 575 2561 tantum
586 2508 673 2574 campi
685 2506 760 2573 jacet,
773 2505 873 2558 Omnia
883 2506 974 2558 secum

306 2607 487 2660 Armentarius
497 2607 560 2658 Afer
569 2604 623 2674 agit
634 2644 641 2667 ,
659 2603 810 2672 teciumque
821 2642 828 2665 ‚
843 2604 990 2670 Laremque
1001 2642 1008 2666 ‚

252 2698 1070 2773 Armaque‚rlmyclaeumquecanem‚Creffamquepharettam.

255 2801 377 2868 346Non
386 2801 459 2854 secus
469 2818 498 2853 ac
507 2793 598 2868 patriis
611 2816 671 2853 acet
679 2799 815 2851 Romanus
827 2796 855 2848 in
866 2795 961 2858 armis,

307 2898 405 2966 injusto
418 2898 463 2950 sub
472 2888 621 2950 fasce'viam
633 2894 693 2948 crim
703 2893 786 2961 carpit
797 2933 804 2956 ,
817 2893 843 2945 ὃ(
852 2892 920 2944 hosti

306 2999 377 3050 Ante
389 2993 567 3063 exspeliatum
577 2990 670 3060 postris
681 2991 729 3065 stat
738 2991 766 3042 in
777 2988 881 3058 agmine
891 2988 990 3043 castris.

344 3097 463 3159 Arnon,
475 3088 651 3162 quiseythiae
663 3102 769 3168 gentes,
780 3083 958 3158 Maroiicaque
968 3087 1052 3160 unda,
