2525 3934
398 374 641 518 Linum
694 423 795 516 III.
892 455 962 541 ¹05

220 597 291 653 cum
300 600 383 666 furit,
399 617 477 672 atque
489 617 560 656 artus
572 601 719 672 depascitur
730 600 800 653 arida
809 596 909 660 febris,
1023 657 1026 664 Ι

220 696 328 749 Profuit
339 697 459 752 incensos
469 698 544 752 aestus
554 714 693 763 avertere,
713 696 820 750 &inter

221 793 280 846 Ima
291 793 368 848 ferire
377 797 452 865 pedis
462 797 599 850 salientem
610 796 735 866 sanguine
744 809 862 852 venam3
901 792 904 797 ’
972 784 1030 850 4⁶0

224 889 327 944 Bisaltae
340 910 394 962 quo
404 912 480 948 more
490 897 596 958 solent,
609 911 719 964 acerque
731 892 870 954 Gelonus,
895 893 897 896 ⁴

226 987 294 1040 Cbm
305 989 373 1060 fugit
382 990 411 1042 in
422 991 589 1060 Rhodopen,
600 1005 678 1060 atque
688 991 717 1042 in
725 980 824 1043 deserta
831 986 972 1050 Getarum,

224 1085 258 1138 Et
269 1088 309 1138 lac
322 1097 478 1140 concretum
493 1105 553 1140 cum
565 1087 690 1158 sanguine
702 1100 778 1155 potat
786 1084 898 1156 equino.

253 1183 354 1248 -Quam
365 1185 471 1252 procul,
482 1197 527 1238 aut
537 1185 614 1238 molli
623 1184 761 1236 succedere
770 1180 864 1249 saepius
873 1179 972 1231 umbrae

226 1277 357 1345 Videris,
372 1293 417 1350 aut
427 1279 541 1334 summas
557 1294 710 1348 carpentem
725 1276 847 1348 ignavius
859 1277 962 1338 herbas,
973 1271 1026 1338 465
1086 1317 1089 1322 .

227 1375 433 1446 Extremamque
443 1367 532 1447 sequi,
542 1390 587 1430 aut
596 1376 686 1429 medio
695 1375 869 1445 procumbere
878 1390 972 1443 campo

228 1470 381 1525 Pascentem
394 1514 402 1537 ,
419 1475 446 1526 δι
457 1472 522 1526 serae
533 1475 616 1526 solam
627 1474 752 1526 decedere
763 1471 856 1533 nocti3

230 1569 368 1622 Continuo
380 1572 486 1638 culpam
496 1570 567 1622 serto
576 1569 713 1637 compesce
726 1608 733 1632 ,
745 1568 896 1639 priusquam

228 1667 297 1718 Dira
308 1683 356 1733 per
368 1665 504 1717 incautum
512 1664 616 1733 serpant
624 1665 747 1736 contagia
757 1667 865 1736 vulgus.
1008 1659 1009 1665 ¹

224 1762 295 1814 'Non
305 1775 359 1813 tam
371 1762 461 1814 creber
472 1776 551 1830 agens
563 1761 688 1831 hyemem
696 1761 750 1814 ruit
761 1779 869 1832 equore
878 1765 965 1828 turbo,
976 1776 1032 1828 470

230 1853 320 1926 Q'uim
329 1861 420 1912 multe
429 1861 560 1928 pecudum
570 1859 654 1928 pestes
665 1879 671 1912 :
681 1877 730 1912 nec
740 1860 840 1930 singula
851 1861 939 1914 morbi

231 1960 352 2025 Corpora
363 1955 511 2023 corripiunt
522 1974 531 2016 3
549 1955 593 2008 sed
603 1970 661 2008 tota
672 1955 761 2008 estiva
771 1955 881 2025 repente
893 1995 901 2021 ,
962 1942 964 1945 ¹

230 2055 372 2122 Spemque,
379 2068 538 2123 gregemque
544 2051 629 2115 simul,
637 2051 809 2121 cunmamque
815 2053 846 2106 ab
852 2052 955 2126 origine
962 2072 1081 2127 gentemt

267 2152 339 2202 Tum
348 2150 411 2202 sciat
421 2189 428 2215 ,
444 2150 529 2203 adrias
538 2150 620 2218 Alpes
632 2150 659 2201 dt
668 2145 767 2202 Norica
776 2149 795 2202 si
805 2149 866 2220 quis

231 2246 343 2299 Castella
354 2246 383 2298 in
392 2248 517 2311 tumulis,
536 2248 562 2299 δι
571 2247 668 2316 lapidis
678 2264 741 2300 arva
750 2247 859 2303 Timavi
977 2263 1028 2313 475

230 2345 311 2397 Nunc
320 2361 427 2413 quoque
438 2343 496 2413 posi
504 2360 580 2398 tanto
591 2345 681 2398 videat
693 2385 700 2410 ,
716 2346 867 2416 desertaque
877 2362 957 2418 regna

231 2441 382 2506 Pastorum,
400 2443 427 2495 &
435 2443 516 2513 longe
527 2443 606 2495 saltus
617 2442 724 2511 late'que
731 2458 865 2497 vacantes.

231 2543 284 2595 Hic
295 2544 429 2612 quondam
440 2542 536 2593 morbo
546 2540 609 2592 coeli
621 2540 765 2592 miseranda
774 2555 867 2593 coorta
876 2539 914 2594 est

231 2639 398 2707 Tempestas,
411 2651 524 2706 totoque
534 2636 655 2688 autumni
664 2636 884 2698 incanduit-esim

231 2738 265 2789 Et
276 2752 359 2806 genus
371 2751 452 2787 omne
458 2733 518 2786 neci
523 2730 655 2802 pecudum
667 2733 748 2797 dedit,
755 2729 1034 2801 omneserarum3480
1081 2778 1082 2782 ,

232 2833 413 2901 corrupitque
422 2833 494 2884 lacus
504 2869 512 2894 ,
525 2831 617 2884 infecit
627 2831 721 2899 pabula
733 2832 803 2886 tabo.
827 2856 830 2861 ’
965 2810 977 2820 X

233 2933 291 2985 Nec
300 2931 345 2983 via
355 2929 450 2982 mortis
459 2941 515 2980 erat
527 2928 639 2996 simplex
651 2943 659 2986 3
676 2926 720 2978 sed
728 2926 773 2980 ubi
784 2927 861 2999 ignea
870 2931 949 2985 venis

235 3029 368 3082 Omnibus
381 3026 437 3079 aaa
449 3025 503 3101 sitis
515 3024 625 3078 miseros
638 3024 780 3078 adduxerat
788 3039 878 3090 artus,

233 3125 335 3182 Rursus
344 3124 488 3182 abundabat
497 3121 593 3180 fluidus
602 3123 710 3196 liquor,
723 3121 866 3190 omniaque
878 3122 907 3174 in
915 3121 943 3177 se

810 3219 840 3270 E·
849 3235 869 3273 v
