2525 3934
435 406 687 490 Ltann
733 402 771 485 I.
918 405 967 485 61

227 556 332 615 verbm
342 561 388 614 ubi
399 563 537 632 tempestas
550 564 652 617 &coeli
664 563 771 616 mobilis
783 563 881 615 humor

226 655 369 709 Mutavere
380 659 457 720 vias,
471 660 612 728 &Jupiter
626 661 750 712 humidus
764 659 865 710 Austris

225 753 337 817 Densat,
345 771 419 808 erant
426 755 645 824 quaerasamodb,
656 758 683 808 δι
691 775 749 824 quae
759 757 846 820 densa,
853 758 953 808 relaxat
965 773 974 806 r

226 849 377 902 Vertunrur
385 853 486 919 species
496 853 646 904 animorum
656 891 664 916 ,
676 854 702 904 ὅ(
711 853 817 920 pestora
827 868 915 917 motus
971 853 1031 903 420

225 947 303 998 Nunc
312 947 380 998 alios
392 986 400 1010 ,
417 949 485 1000 alios
496 987 504 1011 ,
517 949 579 999 dum
591 948 680 1000 nubila
688 964 784 1000 ventus
794 950 904 1018 agebat,

227 1042 392 1110 Concipiunt
408 1062 415 1095 r
427 1044 490 1095 hinc
504 1043 550 1095 ille
561 1044 653 1095 avium
665 1058 808 1096 concentus
820 1044 849 1097 in
860 1044 944 1114 agris,

225 1138 258 1190 Et
275 1141 343 1191 laetae
359 1141 472 1207 pecudes
488 1178 496 1202 ,
516 1140 543 1191 δι
558 1153 670 1191 ovantes
687 1153 791 1208 gutture
803 1140 888 1192 corvi.
1022 1200 1029 1212 υ

263 1234 292 1288 Si
301 1234 369 1289 verb
378 1237 469 1287 Solem
478 1237 510 1287 ad
519 1235 639 1303 rapidum
650 1235 786 1303 Lunasque
799 1236 937 1303 sequentes

225 1331 330 1384 Ordine
345 1331 490 1399 respicies,
509 1347 653 1398 numquam
669 1344 696 1382 te
712 1329 820 1381 crastina
834 1331 910 1383 fallet
971 1337 1024 1392 425

222 1428 317 1491 Hora,
330 1445 419 1497 ,neque
436 1428 534 1480 insidiis
549 1427 637 1480 nostis
653 1427 756 1495 capiere
771 1428 878 1481 serenae.
901 1428 908 1470 '-

223 1524 299 1586 Luna
314 1539 478 1577 revertentes
494 1524 554 1576 edm
569 1523 684 1590 primbm
700 1522 802 1592 coiligit
820 1523 914 1593 ignes,

223 1617 254 1671 Si
270 1619 376 1688 nigrum
391 1622 503 1672 obscuro
518 1621 713 1686 comprenderit
728 1620 787 1672 asra
803 1637 909 1685 cornu,

221 1715 362 1768 Maximus
378 1716 502 1784 agricolis
518 1719 665 1785 pelagoque
677 1716 809 1784 parabitur
819 1718 911 1771 imber.

222 1813 259 1862 At
274 1811 294 1862 si
308 1811 460 1879 virgineum
475 1810 609 1863 suffuderit
624 1829 671 1864 ore
687 1813 827 1875 ruborem,
967 1824 1026 1878 430

221 1909 329 1963 Ventus
341 1909 392 1961 erit
402 1927 408 1960 :
420 1923 504 1960 vento
519 1909 620 1975 semper
629 1910 705 1960 rubet
713 1926 790 1960 aurea
802 1909 913 1962 Phoebe.
968 1886 970 1890 Ι

221 2006 271 2059 Sin
281 2021 342 2071 ortu
352 2005 381 2056 in
391 2018 484 2072 quarto
496 2004 506 2068 (
517 2020 630 2072 namque
641 2004 664 2055 is
673 2003 827 2056 certissimus
838 2005 948 2076 nudor)

221 2103 309 2163 Pura,
324 2117 410 2168 neque
421 2100 518 2152 obtusis
529 2117 576 2167 per
588 2101 687 2151 coelum
696 2099 819 2152 cornibus
830 2098 878 2152 ibit
888 2119 896 2160 3

221 2200 312 2251 Totus
323 2197 349 2247 δε
361 2199 405 2247 ille
415 2195 488 2258 dies,
506 2197 532 2248 δι
542 2195 588 2264 qui
599 2196 737 2247 nascentur
749 2198 780 2249 ab
792 2197 840 2250 illo

221 2292 354 2366 Exasturn
363 2293 395 2342 ad
403 2291 519 2342 mensem
529 2331 537 2353 ,
547 2293 639 2359 pluvia
649 2292 788 2361 ventisque
799 2295 922 2347 carebunt
931 2315 941 2358 ‘¹
964 2310 1018 2364 435

222 2392 352 2457 Votaque
365 2388 463 2440 servati
474 2389 579 2441 solvent
590 2389 619 2440 in
631 2390 723 2442 littore
738 2404 823 2442 nautae

228 2487 333 2541 Glauco
344 2525 353 2551 ,
369 2487 396 2538 δι
410 2485 558 2554 Panopeae,
575 2487 601 2538 δι
611 2488 680 2538 Inoo
689 2487 849 2554 Melicerte.

227 2640 231 2649 ,
259 2586 306 2637 Sol
314 2584 831 2653 quoque&exoriens,&cdrnsecondet
839 2585 973 2652 innodas,

222 2680 304 2752 Signa
314 2681 392 2732 dabit.
405 2683 496 2733 Solem
507 2679 645 2734 certiffima
657 2680 729 2749 signa
737 2680 898 2748 sequuntur,
1022 2662 1026 2669 ’

223 2779 257 2829 Et
269 2795 327 2846 quae
337 2776 414 2830 mane
426 2778 522 2841 refert,
536 2779 630 2846 &quae
641 2777 805 2846 surgentibus
815 2776 896 2833 astris.
937 2820 938 2823 η
970 2795 1029 2846 440

223 2876 271 2928 Ille
287 2875 333 2926 ubi
348 2874 498 2927 nascentem
513 2872 625 2926 maculis
640 2871 785 2926 variaverit
799 2888 888 2927 ortum

228 2970 361 3053 Conditus
375 2969 404 3021 in
420 2971 534 3032 nubem,
553 2968 695 3037 medioque
710 2969 834 3039 refugerit
849 2971 933 3031 orbec

225 3066 344 3137 Suspesti
361 3065 410 3121 tibi
424 3066 476 3120 sint
492 3064 612 3120 imbres:
629 3080 747 3140 namque
757 3079 833 3137 urget
845 3066 875 3119 ab
887 3068 948 3123 aito
985 3107 988 3111 ,
1016 3140 1024 3154 .,
