2525 3934
306 403 389 483 3n
501 368 867 453 AENr1nos

246 537 302 587 ⁶20
311 536 414 589 Discite
425 533 550 601 iustitiam
561 533 661 586 moniti
674 573 683 597 ‚
699 532 727 587 dt
737 550 800 587 non
809 550 932 588 temnere
941 531 1035 586 Divos.

324 633 455 685 Vendidit
464 632 508 685 hic
519 648 584 684 auro
591 630 1054 702 patriam‚dominumquepotenten

307 729 455 797 Imposuit:
467 726 528 779 fixit
537 730 609 797 leges
622 726 714 795 pretio
722 742 810 797 atque
821 727 921 782 refixit.

309 827 362 878 liic
374 828 500 878 talamum
516 823 611 876 invafit
620 837 709 887 natae,
724 824 894 894 vetitosque
901 826 1054 894 hymenaeos.

311 922 373 974 Auti
385 938 479 979 omnes
490 922 604 974 immane
615 920 690 973 nefas
701 921 827 990 ausoque
839 920 934 990 potiti

256 1020 306 1084 625
317 1020 398 1082 Non,
409 1017 609 1087 mihitilinguae
618 1030 727 1069 centurn
738 1016 810 1081 fine,
826 1034 934 1088 oraque
945 1029 1044 1088 ceroto,

314 1117 407 1169 Ferrea
419 1131 493 1179 vox,
503 1130 597 1167 omnes
607 1112 737 1164 soelemm
747 1117 949 1181 comprendere
958 1115 1052 1174 fornas.

315 1213 417 1265 Omnia
427 1226 568 1280 poenamnt
579 1224 733 1276 percurrere
748 1209 868 1262 nomina
877 1208 981 1280 poffiin.

316 1311 381 1363 Haec
390 1309 436 1362 ubi
444 1307 513 1361 dicia
522 1305 592 1360 dedit
603 1303 698 1356 Phoebi
707 1304 842 1374 longeva
850 1307 973 1360 sacerdos
983 1326 990 1358 ε

316 1406 569 1477 Sediamage,oatpe
575 1400 686 1462 viam&
694 1399 852 1468 susceptum
860 1401 1049 1470 perficenunus:

260 1499 315 1565 630
323 1504 524 1563 meletenus,
534 1498 580 1552 ait.
595 1498 749 1566 cyclopum
761 1497 861 1550 educta
873 1497 978 1552 mininis

318 1599 424 1654 Moeoia
433 1596 585 1666 conspicio,
598 1609 677 1663 atque
690 1593 807 1646 adverso
819 1595 927 1648 fornice
936 1608 1027 1664 portas,

318 1696 382 1746 Haec
392 1694 437 1746 ubi
447 1712 498 1746 nos
510 1706 641 1762 precepta
649 1689 742 1755 iubent
754 1691 897 1758 deponere
909 1693 983 1744 dona.

355 1791 470 1845 Dixerat
480 1808 489 1851 ·,
500 1790 526 1841 δι
538 1788 636 1855 pariter
644 1785 721 1855 gressi
734 1804 784 1855 per
794 1805 886 1856 opaca
893 1790 1003 1847 viarum,

322 1889 478 1958 Corripiunt
483 1884 595 1955 spatium
600 1881 728 1945 medium,
735 1883 898 1955 foribusque
902 1881 1057 1954 propinquint-

265 1988 316 2052 635
328 1989 449 2056 Occupat
460 1985 555 2038 AEneas
567 1981 684 2044 aditum,
696 1981 855 2050 corpusque
866 1980 965 2036 recenti

323 2088 339 2135 S
343 2085 428 2154 porgit
439 2082 505 2152 aqud
516 2121 524 2145 ‚
536 2095 691 2148 ramumque
702 2079 818 2130 adverso
832 2079 862 2131 in
873 2078 969 2132 limine
977 2073 1032 2145 figit.

323 2182 374 2232 His
385 2183 491 2232 demum
502 2179 602 2231 exaciis
613 2217 620 2242 ‚
637 2175 754 2246 perfeeto
765 2193 883 2231 munere
895 2177 994 2237 Divae,

322 2277 466 2327 Devenere
476 2277 552 2327 locos
563 2278 639 2328 letos
650 2313 658 2337 ‚
674 2274 700 2325 δι
711 2288 821 2324 amoena
832 2273 926 2326 vireta

323 2375 530 2425 Fortunatorurn
541 2387 680 2426 nemorum
691 2409 698 2432 ‚
710 2369 836 2437 sedesque
846 2372 954 2426 beatas.

268 2474 322 2535 640
330 2471 440 2541 Largior
451 2470 494 2521 hic
506 2486 615 2536 campos
626 2468 707 2519 aethet
716 2466 742 2517 δι
752 2465 857 2517 lumine
866 2465 954 2520 vestit

326 2569 462 2636 Purpureo
472 2585 480 2625 ·,
492 2566 628 2632 solemque
640 2563 715 2613 suum
728 2600 736 2624 ‚
749 2562 793 2613 sua
805 2561 892 2615 sidera
907 2577 1017 2618 norunt.

325 2667 388 2718 Pars
398 2666 427 2716 in
436 2662 577 2734 gramineis
587 2674 713 2713 exercent
721 2659 841 2712 membra
851 2661 1000 2727 palaestris,

327 2763 499 2814 Contendunt
511 2761 574 2812 ludo
587 2797 595 2822 ‚
609 2759 635 2809 δι
645 2755 716 2809 fulvi
727 2755 861 2808 tueantur
874 2758 979 2811 areni:

327 2860 389 2912 Pars
399 2858 508 2926 pedibus
518 2858 644 2925 plaudunt
653 2853 761 2904 choreas
772 2891 780 2914 ,
798 2853 826 2903 δι
835 2855 964 2908 carmina
973 2854 1060 2909 dicunt.

273 2959 323 3024 645
335 2959 391 3010 Nec
403 2960 458 3006 non
471 2954 609 3004 Threicius
618 2953 698 3020 longa
707 2967 766 3002 cum
776 2948 852 3002 veste
861 2951 992 3006 sacerdos

331 3052 495 3127 Obloquitut
506 3049 623 3110 numeris
631 3049 733 3120 septem
743 3045 902 3106 discrimina
914 3069 1038 3111 vocum

974 3152 988 3210 J
991 3161 1074 3218 amque
