2525 3934
331 397 388 495 76
490 387 903 474 Groncrcon

272 551 389 617 270Ut‚
407 569 462 622 quo
477 570 587 623 quaque
596 555 679 608 modo
687 553 803 618 steterit,
816 555 868 624 qud
882 567 958 622 parte
974 543 1067 609 calores

333 649 471 703 Austrinos
482 650 573 704 tulerit
585 691 592 716 ,
611 651 663 720 qud
674 666 748 722 terga
756 651 904 705 obverterit
913 651 960 704 ari
969 646 991 715 ,’

327 746 474 799 Restituant
481 767 488 800 :
496 750 561 800 adeo
573 747 602 798 in
611 748 710 800 teneris
721 746 891 800 consuescere
898 749 1014 800 multum
1020 745 1063 800 eti!

365 843 485 895 Collibus
494 859 528 894 an
539 846 619 911 plano
631 843 726 897 melius
736 843 767 894 fit
778 858 878 911 ponere
890 843 963 896 vites

327 940 423 1006 Quaere
434 941 516 1008 priris.
527 942 556 993 Si
567 941 674 1010 pinguis
686 957 764 1010 agros
776 941 908 993 metabere
918 941 1024 1010 campi,

269 1036 319 1088 275
329 1039 418 1090 Densa
426 1038 481 1092 sere
494 1057 501 1092 z
513 1040 543 1091 in
551 1039 632 1092 denso
644 1055 700 1091 non
710 1038 816 1108 segnior
826 1039 906 1090 ubere
917 1038 1048 1090 bacchus:

330 1135 379 1187 Sin
389 1136 498 1188 tumulis
510 1135 610 1188 acclive
619 1133 706 1186 solum
716 1138 732 1196 ,’
741 1133 874 1202 collesque
886 1133 1015 1201 supinos,

323 1233 433 1302 Indulge
442 1232 577 1285 ordinibus
588 1251 596 1290 ·‚
609 1247 658 1283 nec
668 1231 751 1283 secius
763 1230 851 1283 omnis
862 1231 891 1282 in
899 1247 1017 1301 unguem

324 1329 469 1382 Arboribus
481 1327 574 1397 pofitis
586 1326 658 1379 sedio
670 1327 716 1378 via
726 1326 811 1378 limite
824 1329 944 1395 quadret.

324 1427 363 1479 Ut
375 1427 443 1495 saepe
455 1425 557 1495 ingenti
566 1426 637 1476 bello
647 1425 707 1476 crim
718 1425 798 1493 longa
807 1425 933 1476 cohortes

268 1511 462 1592 280Explicuit
471 1522 561 1592 legio,
579 1522 605 1573 δι
616 1537 711 1589 campo
723 1520 792 1572 stetit
803 1537 899 1589 agmen
911 1533 1002 1589 aperto
1012 1521 1036 1583 ‚¹

328 1605 496 1687 Direstaeque
510 1618 578 1670 acies
592 1656 600 1680 ‚
618 1633 648 1669 ac
659 1615 713 1668 late
724 1615 832 1668 fluduat
842 1616 931 1669 omnis

322 1717 386 1770 AEre
398 1715 529 1770 renidenti
541 1717 618 1767 tellus
628 1733 638 1773 ·,
653 1716 764 1767 necdum
772 1712 879 1766 horrida
890 1714 1001 1767 miscent

323 1814 438 1876 Proefia,
452 1813 495 1865 sed
504 1811 596 1864 dubius
609 1811 703 1863 mediis
713 1811 787 1862 Mars
799 1825 868 1862 errat
877 1810 906 1862 in
914 1811 1005 1866 armis.

324 1911 425 1965 Omnia
437 1911 486 1962 sint
498 1910 603 1979 paribus
615 1909 732 1961 numeris
744 1907 860 1960 dimensa
871 1907 991 1971 viarum,

268 2003 317 2067 285
327 2012 391 2062 Non
401 2007 519 2060 animum
528 2003 610 2057 modb
619 2005 660 2057 uti
671 2004 757 2072 pascat
765 2003 919 2071 prospeGus
930 2005 1048 2064 inanem3

331 2107 382 2157 Sed
391 2103 520 2173 quianon
529 2103 606 2154 aliter
614 2101 687 2154 vires
700 2101 770 2153 dabit
782 2100 906 2152 omnibus
918 2118 1006 2169 aequas

322 2201 419 2264 Terra,
430 2215 516 2267 neque
523 2199 551 2250 in
556 2211 802 2265 vacuumpoterunt
809 2197 835 2249 se
842 2200 986 2250 extendere
992 2197 1062 2253 rami.

359 2298 477 2350 Forsitan
489 2296 515 2347 δι
526 2296 659 2348 scrobibus
670 2313 728 2364 quae
740 2295 790 2347 fint
798 2294 897 2364 fastigia
909 2313 1011 2365 quaeras
1023 2315 1030 2349 z

211 2394 213 2397 ’
322 2393 414 2446 Aufim
423 2395 469 2445 vel
478 2392 552 2444 tenui
563 2393 648 2444 vitem
660 2393 827 2444 committere
838 2391 921 2446 sulco.

212 2468 214 2473 Ι
266 2501 319 2552 290
325 2490 412 2543 Altius
423 2506 452 2541 ac
463 2487 569 2556 penitus
581 2502 657 2539 terrae
669 2485 792 2557 defigitur
802 2489 879 2539 arbos
890 2506 898 2547 3

321 2589 443 2642 AEsculus
455 2586 484 2637 in
493 2584 586 2652 primis
599 2622 607 2647 ,
624 2601 683 2662 quae
692 2584 819 2650 quantum
830 2583 932 2636 vertice
945 2586 978 2637 ad
988 2600 1057 2637 auras

312 2683 458 2756 4AEthereas
474 2721 482 2745 ‚
499 2682 601 2734 tannim
612 2680 697 2732 radice
708 2679 738 2731 in
750 2694 843 2732 tartara
855 2680 949 2734 tendit.

221 2821 224 2826 .
320 2783 392 2850 Ergo
403 2795 460 2830 non
469 2779 581 2847 hyemes
593 2776 666 2827 illam
677 2814 684 2838 ‚
695 2792 752 2826 non
760 2775 854 2838 flabra,
871 2792 958 2844 neque
971 2777 1061 2830 imbres

323 2876 487 2932 convellunt
499 2874 627 2925 :immota
639 2887 727 2924 manet
740 2911 747 2935 ,
760 2873 910 2940 multosque
923 2890 972 2941 per
983 2890 1060 2932 annos
1095 2900 1096 2948 3

265 2988 316 3040 295
327 2977 413 3028 Multa
420 2970 510 3022 virum
519 2971 634 3021 volvens
646 2952 763 3020 durando
774 2968 859 3020 secuda
869 2969 976 3026 vincit:

321 3075 391 3128 Tum
402 3069 485 3127 sones
497 3064 550 3120 lati
562 3081 651 3120 ramos
664 3062 801 3124 &brachie
811 3065 922 3129 tendens
