2525 3934
435 421 742 507 haral.
894 448 964 531 ¹45

263 596 299 646 At
308 594 369 662 pius
380 593 477 648 AEneas
489 611 538 663 per
551 593 658 646 noaem
667 592 781 662 plurima
789 593 925 654 volvens,
978 599 1025 649 305

228 693 268 744 Ut
277 690 392 759 primnm
401 694 449 744 lux
461 695 531 744 alma
543 691 602 742 data
611 688 649 742 est
658 729 666 753 ‚
676 689 750 742 exire
760 728 768 753 ‚
780 688 909 756 locosque

227 787 373 855 Explorare
383 803 492 847 novor,
508 804 573 856 quas
584 800 670 838 vento
681 785 813 839 accefferit
824 801 883 837 oras
893 802 902 845 3

228 884 284 951 Qui
294 899 401 938 teneant
409 882 420 948 (
427 901 489 936 nam
495 884 596 935 inculta
601 880 971 949 videt)horninesneferaene‚

228 981 355 1047 Querere
367 978 522 1041 constituit,
539 977 668 1046 sociisque
680 978 771 1031 exasta
778 979 884 1033 referre.

229 1077 342 1131 Classem
355 1077 385 1129 in
396 1091 522 1128 convexo
532 1074 731 1128 nemorum'sub
741 1092 806 1144 rupe
818 1089 926 1139 cavata,
979 1085 1030 1137 315
1066 1129 1069 1133 ¹

230 1174 377 1226 Arboribus
387 1172 498 1224 clausam
507 1173 605 1226 circr'nn
614 1185 693 1240 arque
702 1170 974 1224 horrentibusumbris
1021 1232 1028 1241 .

231 1268 343 1323 Occulit
355 1288 362 1321 ε
374 1266 430 1337 ipse
440 1285 495 1321 uno
508 1269 623 1339 graditur
632 1269 774 1322 comitatus
785 1268 902 1330 Achate,

231 1368 298 1418 Bina
309 1382 389 1418 manu
397 1367 453 1418 lato
463 1365 578 1433 crispans
588 1363 690 1417 hastilia
698 1364 787 1427 ferro}

231 1463 282 1515 Cui
292 1476 376 1514 mater
387 1460 474 1514 medii
486 1460 540 1513 sese
550 1459 611 1513 tulit
620 1460 701 1512 obvia
713 1460 808 1529 sylvi,

231 1558 354 1629 Virginis
364 1576 396 1611 os
408 1559 582 1625 habitumque
591 1574 684 1626 gerens
697 1598 705 1622 ‚
719 1558 746 1609 &
754 1555 868 1626 virginis
878 1574 948 1611 arma
981 1572 1029 1625 315

232 1638 366 1723 Spartane
377 1674 384 1706 ι
396 1656 442 1706 vel
453 1652 538 1721 qualis
547 1670 631 1722 equos
641 1653 757 1710 Threiffa
768 1656 860 1726 fatigat

213 1775 215 1779 ·
231 1751 374 1820 Harpalice
384 1789 392 1814 ,
404 1753 593 1820 volucremque
602 1752 663 1822 fugi
672 1755 840 1821 praevertitur
849 1755 958 1809 Eunam.

231 1853 352 1918 Namque
357 1848 472 1902 humeris
479 1851 510 1901 de
517 1865 591 1902 more
597 1849 711 1902 habilem
716 1851 882 1918 suspenderat
888 1866 977 1903 arcum

233 1948 366 2000 Venatrix
377 1987 385 2010 ,
394 1947 551 2014 dederatque
560 1963 665 1999 comam
676 1945 823 1998 diffundere
832 1946 941 2009 ventis,

232 2045 310 2095 Nuda
320 2059 389 2112 genu
399 2082 407 2105 ‚
419 2045 545 2110 nodoque
557 2041 627 2093 finus
640 2041 751 2093 colle&
762 2040 885 2094 fluentes.
982 2058 1032 2110 322

232 2143 272 2191 Ac
278 2141 352 2207 prior
360 2158 366 2190 :
374 2142 458 2203 Heus,
465 2139 561 2207 inquit,
568 2137 688 2203 iuvenes,
696 2137 976 2203 monstrate,meai¹um

234 2235 346 2287 Vidistis
359 2236 465 2303 srquanr
474 2237 517 2287 hic
527 2247 657 2287 errantem
664 2234 735 2289 forte
746 2237 866 2290 sororum
877 2276 885 2302 ‚

234 2331 398 2385 Succinstam
409 2329 566 2399 pharetra&
574 2333 712 2386 maculosae
721 2334 837 2403 tegmine
846 2335 947 2406 lyncis.

233 2434 286 2484 Aut
297 2430 441 2498 spumantis
453 2428 510 2496 apri
520 2429 622 2481 cursum
632 2432 747 2483 clamore
758 2446 932 2498 prementem.

179 2580 185 2593 χ,
232 2530 275 2582 Sic
287 2529 390 2581 Venus.
404 2529 439 2578 At
450 2527 564 2580 Veneris
575 2526 667 2580 contra
676 2528 710 2580 fic
720 2528 792 2581 filius
802 2531 894 2583 orsus:
980 2547 1027 2596 325

232 2628 311 2679 Nulla
323 2642 425 2678 tuarum
434 2626 521 2678 audita
532 2624 615 2689 mihi,
632 2643 718 2696 neque
728 2627 786 2678 visa
798 2627 918 2679 sororum
929 2666 937 2691 ‚

234 2724 262 2775 0
270 2763 277 2786 ,
286 2705 646 2792 qua'rntememoremNirgo
656 2728 661 2777 !
671 2740 785 2791 namque
790 2724 913 2776 haudtibi
919 2727 1009 2778 vr-ltna

232 2817 374 2881 Mortalis,
389 2834 436 2870 nec
447 2834 506 2870 vox
514 2819 653 2871 hominem
662 2819 746 2871 sonat.
760 2818 786 2871 Ο
797 2820 870 2883 Dea,
880 2819 961 2873 certe.

229 2920 272 2969 An
282 2914 375 2968 Phoebi
385 2916 478 2977 soror,
497 2930 531 2966 an
539 2914 724 2983 Nympharum
733 2915 865 2986 sanguinis
874 2919 948 2970 una?

228 3015 271 3069 Sis
280 3012 347 3066 felix
358 3052 365 3074 ,
382 3011 552 3080 nostrumque
561 3013 636 3065 leves
647 3015 941 3082 quecumquelaborem
952 3031 961 3073 ·,
978 3022 1027 3075 330

223 3114 258 3165 Et
271 3126 326 3180 quo
338 3108 384 3160 snb
395 3110 466 3162 coelo
478 3110 600 3175 tandem,
616 3108 712 3187 ἧψε
725 3108 796 3163 orbis
808 3107 836 3160 in
846 3107 903 3161 oris

301 3205 385 3258 Tonas
402 3203 423 3258 l.
836 3201 864 3258 G
