2525 3934
317 398 375 511 38
506 392 889 483 Buconica,

357 565 425 631 Qua
435 582 561 631 nemora,
571 581 616 619 aut
628 567 735 635 quivos
745 567 824 618 saltus
832 567 966 631 habuere,
975 566 1062 636 puelle

266 671 300 710 ιο
317 660 429 714 Naiades
440 701 448 726 ,
460 663 570 732 indigno
579 665 640 716 crim
650 662 744 715 Gallus
754 679 845 716 amore
855 661 978 730 periret?

319 757 389 808 Nam
398 774 484 826 neque
495 759 606 812 Parnaffi
616 759 696 812 vobis
704 760 766 830 juga
778 799 785 823 ,
798 776 861 811 nant
870 774 961 827 neque
969 755 1043 812 Pindi

319 853 382 904 Ulla
393 871 495 907 moram
504 858 588 913 fecere
598 896 606 921 ‚
618 874 705 926 neque
715 857 803 909 Aonia
811 856 966 925 Aganippe.

318 947 398 1000 Illum
407 951 488 1002 etiarn
496 952 563 1003 lauri
573 991 581 1016 ,
593 953 669 1004 illum
682 953 762 1005 etiarn
771 951 873 1004 flevere
882 951 1009 1021 myrica.

257 1084 262 1093 .
320 1043 419 1099 Pinifer
434 1045 510 1100 illum
526 1049 606 1101 etiam
622 1050 679 1101 sola
696 1050 743 1102 sub
760 1066 826 1116 rupe
843 1047 980 1115 jacentem

267 1154 297 1206 15
316 1142 469 1207 bladus,
485 1144 512 1195 δι
527 1144 606 1213 gelidi
617 1143 750 1197 fleverunt
766 1145 827 1198 saxa
836 1144 941 1215 Lycaei.

320 1240 396 1292 Stant
411 1240 438 1292 δι
452 1256 520 1293 oves
535 1241 652 1303 chelim,
669 1240 752 1293 nostri
768 1257 817 1294 nec
831 1240 952 1309 poenitet
966 1228 1040 1298 illast

320 1339 378 1391 Nec
388 1352 415 1390 te
424 1338 554 1406 poeniteat
565 1339 670 1406 pecoris
683 1377 691 1402 ‚
707 1338 799 1391 divine
816 1339 921 1399 noem

320 1435 353 1487 Et
361 1436 493 1489 formosus
503 1453 570 1488 oves
580 1439 612 1489 ad
622 1436 732 1489 flumina
742 1436 817 1505 pavit
825 1436 944 1492 Adonis.

357 1533 442 1587 Venit
457 1534 483 1584 δι
496 1532 602 1600 upilio;
616 1533 683 1585 tardi
694 1549 793 1585 venere
803 1531 934 1586 bubulci-e

264 1639 300 1678 20
318 1628 423 1681 Uvidus
437 1630 556 1698 hyberna
570 1631 647 1683 venit
658 1632 690 1683 de
702 1631 794 1700 glande
804 1630 956 1684 Menalcas.

320 1726 424 1779 Omnes
435 1766 443 1791 ‚
454 1729 523 1781 unde
534 1744 610 1781 amor
621 1727 668 1780 iste
679 1743 783 1798 rogant.
796 1726 858 1780 Tibi
869 1727 950 1781 venit
960 1727 1061 1798 Apollo.

320 1823 398 1878 Galle
410 1863 418 1888 ,
435 1823 499 1892 quid
513 1822 628 1889 insanis,
644 1824 754 1894 inquit?
766 1839 811 1877 tua
819 1841 881 1877 cura
890 1825 1007 1896 Lycoris

319 1920 420 1990 Perque
426 1919 503 1973 nives
510 1921 606 1985 alium,
615 1937 715 1989 perque
721 1920 915 1974 horridacastra
924 1923 1013 1978 secuta
1021 1918 1058 1976 eii.

320 2018 404 2071 Venit
416 2020 442 2072 δι
454 2018 547 2088 agresti
558 2018 653 2087 capitis
667 2019 799 2088 sylvanus
810 2018 917 2072 honore
930 2058 941 2084 ,

264 2126 295 2178 25
318 2115 455 2168 Florentes
469 2117 565 2169 ferulas
583 2117 609 2167 &
626 2115 733 2184 grandia
747 2113 802 2166 lilia
817 2113 950 2183 quassans.

318 2209 373 2261 Pan
384 2212 457 2262 Deus
469 2211 584 2263 Arcadiae
593 2210 691 2268 venirt
705 2227 785 2280 quent
793 2210 913 2264 vidimus
927 2212 978 2283 ipsi

319 2305 476 2375 sanguineis
488 2306 559 2358 ebuli
573 2306 659 2358 baccis
673 2305 812 2376 minioque
824 2308 975 2364 rubentem.

318 2401 415 2471 Ecquis
426 2401 477 2454 erit
489 2403 583 2454 modus
597 2441 605 2466 ,
622 2402 710 2472 inquit
719 2404 730 2452 ἒ
739 2403 822 2455 Amor
836 2421 894 2457 non
904 2407 970 2460 talia
984 2390 1054 2461 euris
1094 2426 1096 2437 ⁴

318 2499 375 2552 Nec
383 2497 508 2567 lacrymis
517 2497 629 2550 crudelis
641 2499 725 2550 Amor
735 2538 742 2564 ,
756 2514 804 2551 nec
814 2501 934 2570 gramina
942 2503 1025 2566 rivis,
1090 2492 1096 2539 d

268 2611 302 2665 30
321 2595 378 2647 Nec
389 2593 476 2663 cytiso
489 2593 635 2647 innitantur
646 2610 708 2663 apes
721 2612 787 2659 ‚nec
795 2595 890 2649 fronde
901 2601 1018 2668 capelle.

356 2690 448 2743 Tristis
455 2705 481 2744 at
488 2691 533 2744 ille
540 2709 546 2744 :
553 2691 657 2743 Tamen
666 2692 804 2746 cantabitis
812 2731 819 2755 ,
826 2692 942 2747 Arcades
949 2691 1052 2766 ,ioquin

218 2803 223 2810 ·
319 2787 458 2840 Montibus
470 2789 526 2840 hnc
536 2786 629 2840 vestris
643 2786 711 2840 :soli
720 2802 823 2840 cantare
833 2787 914 2856 periti

319 2884 443 2935 Arcades,
451 2883 477 2969 ρ
484 2882 550 2935 milti
556 2896 613 2935 turn
619 2881 698 2953 qndm
705 2882 1036 2955 molliteross‘aquiesennt‚

320 2979 412 3032 Vestra
422 2995 498 3032 meos
507 2979 574 3032 olim
585 2979 605 3032 fi
616 2978 700 3032 fistula
710 2981 779 3032 dicat
788 2997 892 3034 amores
905 2986 913 3037 !

265 3095 297 3150 35
320 3077 658 3152 Atqueutinamexvobis
669 3077 1010 3150 unus,vestriquefuiffffi
1039 3120 1042 3127 .
1084 3063 1096 3126 i
