2525 3934
426 316 686 402 lraan
740 316 779 402 I.
930 349 976 431 53

230 482 295 534 Non
308 479 388 534 aliter
397 520 405 545 ,
422 480 502 550 quim
511 481 557 550 qui
565 482 677 535 adverso
685 480 736 533 vix
744 479 855 533 flumine
863 474 982 532 lembum

232 577 361 646 Remigiis
377 577 476 646 subigit
485 577 526 640 ‚ti
540 577 645 630 brachia
659 576 730 629 sorte
743 575 858 639 remisit,
888 606 892 611 -

239 654 325 743 deque
340 675 417 727 illum
433 677 463 728 in
474 691 589 743 preceps
604 691 693 743 prono
704 675 774 743 rapit
787 676 880 726 alvetrs
888 673 969 727 amni.

267 770 398 824 Praeterea
411 786 467 823 tant
478 772 539 823 sunt
549 771 654 823 Ariburi
666 771 745 824 fidera
756 771 850 835 nobis,

232 866 433 938 Haedorumque
445 870 501 921 dies
516 869 658 933 servandi,
674 869 815 922 &lucidus
830 868 942 938 anguis,
980 881 1029 930 205

233 961 322 1027 Quam
334 964 430 1032 quibus
440 964 469 1014 in
478 964 590 1032 patriam
600 965 712 1018 ventosa
723 982 771 1034 per
779 981 886 1034 aquora
894 964 978 1017 vectis

234 1057 336 1110 Pontus
350 1097 357 1120 ,
374 1059 401 1110 δι
413 1058 527 1111 ostriferi
536 1060 622 1112 fauces
635 1075 770 1113 tentantur
782 1061 879 1131 Abydi.

271 1155 350 1205 Libra
361 1154 403 1206 die
412 1155 551 1224 somnique
563 1173 638 1225 pares
650 1158 696 1209 ubi
705 1157 796 1209 fecerit
803 1159 902 1220 boras,

235 1250 268 1301 Et
280 1251 398 1303 medium
407 1252 462 1304 luci
472 1266 550 1319 atque
560 1253 659 1304 umbris
670 1252 723 1318 jam
731 1253 833 1304 dividet
841 1254 952 1314 orbesat

236 1349 382 1411 Exercete‚
397 1349 472 1412 viri,
489 1363 598 1411 tauros,
614 1349 692 1402 serite
700 1350 798 1402 hordea
807 1351 923 1419 campis,
981 1366 1035 1403 210

236 1446 327 1514 Usque
342 1446 388 1497 sub
395 1460 554 1496 extremum
566 1445 664 1496 bruma
675 1444 845 1499 intractabilis
855 1446 978 1501 imbrem.

235 1544 361 1593 Necnon
371 1542 459 1593 &lini
471 1542 586 1610 segetem
598 1579 606 1604 ,
624 1541 650 1592 ἃ
662 1543 761 1594 cereale
773 1558 888 1612 papaver

236 1640 357 1706 Tempus
363 1639 445 1690 humo
452 1653 554 1706 tegere,
565 1637 747 1703 &jamdudum
753 1639 902 1694 incumbere
908 1646 1015 1710 aratris,

235 1736 311 1787 Dum
322 1733 387 1787 sicci
397 1737 490 1786 tellure
500 1734 580 1800 licet,
592 1738 655 1788 dum
663 1737 751 1789 nubila
762 1740 886 1805 pendent.

235 1833 308 1884 Vere
318 1831 383 1884 fabis
394 1831 462 1883 satio
474 1850 480 1882 :
492 1847 548 1884 tum
563 1847 590 1886 te
605 1850 727 1902 quoque,
738 1834 857 1897 medica,
870 1846 960 1902 putres
980 1858 1011 1894 21
1020 1846 1044 1908 ς’

234 1928 378 1997 Accipiunt
394 1928 479 1991 sulci,
498 1929 525 1980 ἀ
540 1930 617 1981 milio
630 1931 708 1982 vonit
722 1946 807 1981 annua
818 1944 897 1993 cura,

235 2025 370 2076 Candidus
381 2025 478 2076 auratis
489 2026 573 2093 aperit
584 2028 644 2079 cdm
655 2027 778 2079 cornibus
790 2044 888 2080 annum

233 2122 340 2175 Taurus
352 2157 360 2181 ,
376 2120 521 2172 &adverso
533 2124 626 2173 cedens
640 2108 719 2174 Cinis
731 2122 828 2175 occidit
836 2124 913 2178 astro.

272 2218 310 2268 At
326 2214 345 2264 si
361 2213 489 2266 triticeam
500 2216 528 2267 in
543 2215 650 2268 messem
662 2216 814 2285 robustaque
825 2219 892 2272 sarra

234 2312 380 2367 Exercebis
395 2311 522 2375 humum,
538 2313 653 2380 solisque
665 2313 768 2365 instabis
780 2315 883 2375 aristis3
982 2343 1034 2380 220

236 2409 311 2462 Ante
322 2409 372 2461 tibi
387 2410 450 2460 Eoae
466 2408 612 2460 Atlantides
628 2410 832 2474 abscondantur,

237 2507 391 2575 Gnosiaque
406 2504 520 2556 ardentis
533 2506 639 2570 decedat
651 2505 721 2557 stella
732 2509 864 2569 Coronae,

236 2604 335 2663 Debita
344 2590 424 2672 quim
433 2601 511 2654 sulcis
520 2601 670 2660 committas
681 2602 797 2664 semina,
811 2599 943 2672 quirnque

236 2701 332 2753 invita
344 2715 472 2767 properes
484 2698 545 2749 anni
557 2698 631 2765 spem
642 2699 747 2749 credere
758 2712 843 2751 terre.

239 2799 319 2850 Multi
331 2811 393 2849 ante
408 2796 530 2848 occasum
546 2795 625 2847 Maiae
641 2810 746 2863 coepere
759 2813 766 2854 ;
784 2796 828 2847 sed
837 2796 899 2848 illos
983 2827 1031 2876 225

239 2895 392 2965 Exspectata
404 2894 477 2962 seges
488 2893 565 2944 vanis
575 2892 650 2944 elufit
661 2891 753 2946 aristis.

240 2993 264 3045 Si
275 2990 343 3046 verb
358 2987 510 3057 viciamque
525 2987 593 3042 seres
605 2987 764 3058 ,vilemque
775 2988 884 3041 faselum
896 3024 906 3050 ‚
931 3044 934 3049 ¹

766 3086 786 3135 C
806 3081 835 3148 iij

474 3462 701 3574 A.
