2525 3934
401 398 663 520 erarr
717 395 758 507 L
880 425 963 500 ¹47

220 562 389 629 Thesauros,
402 565 524 634 ignotum
535 563 638 635 argenti
648 565 753 636 pondus
766 565 793 615 δι
804 563 870 618 auri.

197 706 201 713 .
223 660 276 713 His
287 661 421 716 commota
430 663 519 734 sugam
530 663 604 716 Dido
616 662 756 733 sociosque
768 663 887 732 parabat:
974 654 1026 719 3⁶0

225 757 399 810 Conveniunt
412 798 420 824 ,
438 759 533 829 quibus
545 774 590 811 aut
601 758 693 812 odium
704 761 809 812 crudele
820 757 947 830 tyranni,

225 855 279 906 Aut
290 870 377 909 metus
388 873 447 910 acer
458 870 515 909 etat
525 842 630 909 :naves
643 895 650 919 ,
663 874 721 925 quae
732 855 801 910 forte
813 871 909 927 pararae
920 897 928 922 ,

225 950 401 1020 Corripiunt,
414 967 580 1021 onerantque
589 969 653 1006 auro
664 971 670 1006 :
681 968 820 1022 portantur
831 953 905 1009 avari

225 1047 411 1118 Pygmalionis
421 1065 487 1119 opes
499 1052 611 1121 pelago:
624 1051 679 1102 dux
687 1050 784 1104 femina
793 1049 865 1105 faeti.

226 1146 372 1198 Devenere
382 1146 534 1210 locos,uhi
545 1164 615 1222 nune
625 1146 743 1218 ingentia
752 1164 844 1200 cernes
981 1144 1029 1211 365

229 1239 337 1292 Moenia
348 1280 355 1304 ‚
368 1242 570 1314 surgentemque
581 1261 663 1297 novae
677 1243 842 1315 Carthaginis
852 1261 957 1305 arcens,

203 1401 207 1406 ¹
230 1339 396 1409 Mercatique
408 1340 494 1394 solum
507 1382 515 1407 ,
527 1341 589 1396 nui
598 1344 630 1395 de
643 1342 753 1395 nomine
762 1342 890 1412 Byrsam,

229 1436 347 1489 Taurino
360 1453 488 1507 quantum
498 1438 602 1507 possent
614 1437 775 1491 circumdate
787 1453 873 1507 tergo.

229 1535 280 1585 Sed
292 1551 344 1586 vos
360 1535 407 1603 qui
417 1537 524 1587 tandem
534 1537 545 1586 ἒ
555 1534 650 1603 quibus
660 1549 705 1587 aut
714 1532 824 1586 venistis
833 1534 864 1586 ab
874 1532 927 1588 oris
938 1538 949 1589 ἓ

228 1627 330 1692 Qut'rve
340 1633 437 1683 tenetis
448 1631 671 1697 iteriQuaetenti
682 1629 777 1682 talibus
788 1628 834 1683 ille
982 1646 1034 1699 370

232 1724 372 1792 suspirans
383 1764 391 1788 ,
404 1725 513 1796 imoque
526 1729 629 1805 tralrens
640 1746 654 1781 a
665 1727 773 1804 pestere
783 1744 898 1783 vocem:

232 1822 259 1874 Ο
274 1822 347 1887 Dea,
357 1822 376 1874 si
385 1822 472 1892 prima'r
483 1840 604 1893 repetens
616 1828 647 1879 ah
661 1826 765 1897 origine
777 1842 904 1895 pergam,

231 1920 264 1971 Et
276 1936 353 1973 vacet
363 1923 468 1975 annales
478 1912 628 1977 nostrorum
640 1924 731 1978 audire
741 1925 880 1985 laborum,

232 2013 304 2068 Ante
316 2015 387 2068 diem
397 2018 487 2070 clauso
499 2035 646 2086 componet
658 2018 763 2086 Vesper
774 2018 907 2085 Olympo.

233 2114 294 2164 Nos
303 2111 385 2178 Troji
397 2112 505 2182 antiqui
516 2116 527 2183 (
537 2113 556 2164 fi
566 2113 664 2165 vestras
676 2107 746 2165 forte
758 2128 805 2181 per
816 2129 892 2167 aures
985 2127 1032 2181 375

233 2207 324 2271 Troiae
337 2225 438 2260 nomen
446 2209 478 2260 iit
488 2208 499 2273 )
511 2209 613 2261 diversa
624 2227 673 2278 per
684 2225 790 2279 aquora
802 2209 894 2265 vestos

236 2303 318 2356 Forte
332 2304 376 2356 sui
387 2298 496 2375 libycis
510 2306 646 2375 tempestas
660 2308 762 2385 appulit
771 2307 835 2361 oris.

237 2402 303 2454 Sum
316 2401 376 2470 pius
387 2401 484 2454 AEneas
495 2417 601 2472 ,raptos
612 2403 657 2473 qui
669 2421 705 2457 ex
714 2402 789 2459 hoste
797 2405 907 2460 Penates

236 2498 321 2553 Classe
333 2499 405 2552 veho
417 2515 521 2555 mecum
534 2539 541 2563 ,
557 2500 626 2553 fama
637 2501 716 2570 super
728 2500 824 2554 aethera
833 2515 924 2557 notus.

235 2596 338 2648 Italiam
351 2613 441 2665 quaero
452 2595 578 2664 patriam,
592 2597 618 2649 &
629 2614 713 2667 genus
723 2598 755 2650 ab
766 2598 836 2650 Jove
846 2599 949 2653 summo
961 2641 968 2666 ‚
984 2609 1035 2671 380

236 2694 282 2745 Bis
293 2692 365 2744 denis
375 2692 520 2765 Phrygium
530 2676 671 2748 conscendi
679 2694 790 2747 navibus
801 2712 906 2764 aequor,

237 2791 326 2845 Matre
336 2789 395 2842 Dei
405 2789 564 2855 monstrante
574 2792 668 2855 viam,
683 2793 742 2844 data
750 2792 802 2845 sata
812 2791 932 2847 secutus:

237 2889 296 2941 Vix
307 2889 407 2959 septem
416 2888 550 2940 convulsae
560 2887 638 2940 undis
648 2886 771 2957 Euroque
781 2888 929 2958 supersunt.

235 2985 294 3055 Ipse
306 2984 414 3058 ignotus
424 3023 433 3049 ,
448 3001 545 3054 egens,
557 2983 650 3056 Lybiae
662 2984 762 3039 deserta
770 3000 902 3056 peragro,

236 3081 343 3154 Europa
352 3097 430 3154 atque
439 3081 497 3163 Αᾱᾷ
506 3082 605 3155 pulsus.
616 3084 674 3141 Nec
682 3084 760 3157 plura
771 3094 926 3161 querentem
982 3098 1032 3166 385

809 3176 835 3232 G
854 3175 877 3245 ii
921 3173 927 3186 ’
