2525 3934
418 431 669 513 Lraaa
723 427 792 511 Il.
886 435 962 538 169

218 600 306 666 Troia
318 600 415 665 fidem,
427 601 519 654 fivera
528 601 628 664 setam,
641 600 661 652 si
671 617 766 670 magna
775 599 928 669 rependam.

223 698 325 750 Omnis
337 698 392 765 spes
401 698 542 760 Danaum,
557 697 583 748 δι
593 696 675 765 coepti
684 695 779 748 fiducia
788 695 852 748 belli

223 795 336 847 Palladis
348 794 452 848 auxiliis
465 795 568 861 semper
578 790 657 844 stetit.
666 786 766 861 impius
777 808 812 844 ex
821 807 876 860 quo

223 891 341 960 Tydides
351 891 394 943 sed
405 890 478 942 enim
489 928 497 951 ,
510 888 689 956 scelerumque
702 886 828 940 inventor
836 885 942 957 Ulyll'es

225 988 312 1040 Fatale
322 985 431 1057 aggreffi
443 984 544 1036 sacrato
554 984 668 1036 avellere
679 985 782 1053 templo
856 1052 859 1056 Δ
973 986 1020 1051 165

226 1083 392 1144 Palladium,
408 1080 479 1133 caefis
494 1079 601 1133 summae
613 1078 760 1133 custodibus
775 1080 860 1145 arcis,

227 1179 391 1246 Corripuere
402 1177 500 1230 sacram
509 1177 639 1247 effigiem,
655 1178 826 1248 manibusque
836 1176 952 1231 cruentis

230 1275 375 1344 Virgineas
384 1274 437 1327 ausi
446 1275 525 1328 Divae
535 1276 688 1345 contingere
696 1275 780 1328 vittas
791 1295 798 1329 ι

229 1374 270 1424 Ex
281 1373 330 1424 illo
339 1370 422 1424 fluere
433 1388 463 1425 ac
472 1385 544 1424 retro
554 1372 670 1440 sublapsa
680 1373 771 1425 reserri

230 1470 296 1537 Spes
308 1469 430 1522 Danatlm
443 1488 450 1522 ι
465 1468 553 1523 stadiae
562 1469 652 1533 vires,
665 1469 755 1522 aversa
764 1470 831 1522 Deae
842 1486 926 1524 mens.
977 1488 1027 1536 170

230 1567 287 1618 Nec
299 1565 384 1619 dubiis
396 1583 428 1618 ea
439 1565 512 1636 ligna
521 1565 591 1637 dedit
602 1564 726 1617 Tritonia
738 1564 871 1620 monstris.

231 1662 292 1714 Vix
302 1661 418 1728 positum
427 1661 515 1712 castris
524 1660 703 1725 simulacrum,
713 1661 797 1715 arsere
806 1662 918 1716 corusce

232 1757 391 1812 Luminibus
403 1756 517 1811 flammae
525 1748 649 1819 arrediis}
660 1759 788 1830 salsusque
801 1748 849 1831 per¹
860 1760 931 1814 artus

232 1859 318 1910 Sudor
327 1855 377 1920 iit,
389 1869 481 1926 terque
490 1856 546 1925 ipsa
557 1857 615 1909 solo
627 1856 764 1922 (mirabile
775 1858 863 1926 aiau)

232 1952 362 2016 Emicuit,
372 1969 541 2022 parmamque
550 1953 637 2017 fereris
646 1951 798 2020 hastamque
808 1964 1028 2023 trementem.173

233 2051 377 2117 Extemplo
389 2050 512 2102 tentanda
520 2047 583 2118 fugai
594 2046 665 2098 canit
676 2062 783 2114 aequora
793 2047 902 2099 Calchas
913 2084 920 2109 ,

232 2147 292 2198 Nec
303 2142 375 2211 poffe
387 2144 518 2214 Argolicis
528 2141 647 2195 exscindi
655 2141 782 2212 Pergama
790 2142 850 2196 telis
861 2184 869 2209 ,

232 2239 339 2293 Omina
350 2232 379 2288 'ni
391 2234 510 2305 repetant
519 2236 614 2306 Argis,
630 2253 781 2307 numenque
789 2240 930 2308 reducant,

235 2332 320 2404 Quod
326 2334 427 2405 ·Pelago
438 2328 464 2387 u
475 2326 563 2386 curris
575 2326 662 2386 secum
674 2326 787 2390 averrere
795 2326 904 2413 ¹carinis.

276 2434 310 2484 Et
321 2448 390 2484 nunc
402 2429 474 2501 quiid
484 2426 581 2500 patrias
597 2424 681 2484 v'ento
694 2433 794 2501 petiere
807 2424 955 2505 Mycenas,
983 2451 1033 2500 180

235 2534 317 2584 Arma
324 2526 448 2598 Deosque
455 2542 548 2598 parant
554 2528 681 2590 comites3
694 2534 841 2602 pelagoque
848 2535 978 2599 remenso,

236 2625 380 2694 Improvifi
389 2628 496 2677 aderunt
506 2642 513 2677 r
525 2625 561 2677 ita
571 2624 667 2696 digerit
679 2627 769 2679 omnia
783 2630 902 2686 Calchas.

237 2726 317 2777 Hanc
326 2738 376 2790 pro
387 2721 503 2774 Palladio
516 2722 612 2774 moniti
624 2761 632 2786 ,
645 2740 695 2790 pro
705 2724 814 2777 numine
824 2727 905 2793 laeso,

237 2819 359 2890 Effigiem
370 2816 498 2879 statuere,
509 2817 579 2870 nefas
589 2835 648 2886 quae
657 2816 763 2870 triste
738 2834 831 2888 piaret
870 2890 873 2894 Ι

239 2921 316 2972 Hanc
327 2931 417 2969 tamen
427 2913 582 2967 immensam
595 2906 704 2968 calchas
716 2920 836 2974 attollere
848 2924 948 2977 molem
986 2937 1033 2999 135

239 3008 390 3070 Robo'ribus
401 3012 482 3066 textis
493 3000 641 3082 ,coeloque
648 2990 759 3069 educere
765 3004 850 3082 jullit;

240 3117 282 3167 Ne
292 3112 375 3180 recipi
386 3110 490 3179 portis,
507 3125 552 3166 aut
562 3110 641 3170 duci‘
632 3128 663 3167 m
673 3112 775 3168 moenia
787 3114 880 3184 pollit,

305 3211 391 3264 Tomus
410 3208 433 3262 I.
857 3213 884 3266 H
