2525 3934
313 337 341 418 6
485 334 862 420 Bucoztcm

310 502 367 556 Nec
383 505 451 556 mala
467 502 552 557 vicini
567 505 672 573 pecoris
687 481 809 573 contagia
823 486 931 557 laedenti

312 601 455 652 Fortunate
471 601 575 654 senex:
593 601 637 654 hic
656 602 725 654 inter
740 599 849 652 flumina
865 614 931 652 nota

312 698 345 749 Et
360 697 448 750 sontes
465 699 575 763 sacros,
593 700 675 769 frigus
693 697 808 767 captabis
824 712 950 766 opacum.

313 794 385 845 Hinc
400 793 466 857 tibi,
486 812 544 864 quae
562 795 664 864 semper
678 795 771 848 vicino
786 796 817 846 ab
835 793 922 846 limite
938 793 1017 863 sepes

262 890 291 944 55
313 888 433 959 Hyblaeis
448 891 540 959 apibus
551 890 648 944 florem
660 891 762 960 depasta
773 890 876 955 fausti,

315 987 391 1054 Saepe
408 987 463 1040 levi
481 988 604 1041 somnum
620 988 757 1041 suadebit'
751 989 818 1042 rnire
833 988 951 1043 susurro.

315 1084 386 1137 Hinc
404 1087 456 1137 alra
470 1086 516 1139 sub
533 1103 597 1155 rupe
612 1100 688 1138 canet
700 1085 836 1138 frondator
850 1087 882 1138 ad
900 1103 990 1141 auras

315 1182 372 1234 Nec
387 1197 476 1236 tamen
490 1183 590 1236 interea
604 1199 706 1245 raucae,
724 1198 770 1235 tua
784 1200 844 1235 cura
856 1185 1037 1252 NJpatumbes
1092 1160 1095 1235 i

316 1279 374 1331 Nec
391 1295 495 1350 gemere
510 1279 580 1334 aeria
592 1277 697 1332 cessabit
708 1294 793 1332 turtur
809 1281 840 1332 ab
854 1282 943 1334 ulmo

581 1375 627 1427 T1
641 1390 659 1427 τ
668 1388 690 1426 ‚r
705 1389 725 1429 u
738 1389 759 1427 υ
772 1390 796 1429 s.

262 1460 298 1515 ⁶0
318 1472 388 1527 Ante
399 1477 473 1527 leves
489 1490 553 1542 ergo
569 1473 707 1540 pascentur
718 1471 747 1524 in
762 1474 858 1524 aerhere
876 1471 970 1539 cervi,

318 1571 352 1622 Et
368 1565 434 1623 sret'a
452 1569 590 1622 destituent
606 1572 691 1622 nudos
709 1570 738 1622 in
753 1570 845 1622 littore
862 1569 967 1638 piscest

319 1666 408 1730 Ante,
426 1664 565 1734 pererratis
582 1667 720 1718 amborum
738 1664 853 1729 finibus,
868 1667 945 1720 exsul

320 1766 374 1816 Aur
382 1761 486 1816 Ararim
497 1760 606 1816 Parthus
617 1761 689 1814 bibet
700 1777 763 1824 ,aut
775 1761 919 1816 Germania
930 1762 1049 1836 Tigrim,

322 1859 410 1929 Quim
423 1857 514 1912 nostro
529 1858 601 1912 illius
616 1861 716 1911 labatur
731 1859 838 1932 pestere
852 1863 956 1918 vultus.

564 1957 596 2009 M
608 1972 625 2010 n
639 1971 655 2009 ι
668 1971 680 2009 1
693 1971 709 2009 n
723 1970 748 2009 n
762 1970 783 2009 u
797 1971 821 2011 s.

267 2050 299 2116 ⁶5
322 2057 358 2112 At
373 2073 425 2115 nos
436 2053 499 2113 hinc
512 2055 558 2110 alii
573 2056 690 2108 sitientes
702 2055 797 2108 ibimus
809 2056 908 2118 Afros3

226 2189 230 2194 .
323 2153 703 2223 ParsScythiam,&rapidum
711 2133 1060 2218 CreraeveniemusOaxem

323 2252 357 2303 Et
366 2250 471 2319 penitus
483 2264 544 2302 toto
554 2249 656 2303 divisos
668 2251 731 2302 orbe
741 2250 892 2304 Britannos.

324 2350 364 2401 En
373 2365 498 2418 umquam
508 2347 609 2417 patrios
618 2350 701 2418 longo
713 2346 771 2417 posi
780 2361 900 2417 tempore
912 2348 1000 2415 sines,

324 2445 449 2515 Pauperis
460 2447 487 2498 δι
497 2446 585 2516 tuguri
594 2446 746 2516 congestum
755 2447 851 2516 cespite
863 2450 989 2512 culmen,
1093 2510 1095 2517 Ι

271 2555 307 2604 70
326 2543 387 2599 Post
397 2541 500 2612 aliquot
510 2581 517 2607 ‚
528 2555 591 2594 ‘mea
609 2559 689 2612 regna
700 2543 794 2598 videus
805 2584 813 2607 ,
831 2544 947 2598 mirabor
958 2545 1064 2600 aristas?

326 2640 428 2710 Impius
441 2641 498 2693 haec
512 2654 567 2692 tarn
582 2643 652 2693 culta
667 2641 774 2694 novalia
792 2642 868 2695 miles
885 2643 1014 2698 habebit?

327 2739 453 2791 Barbarus
470 2739 517 2791 has
532 2739 658 2809 segetes?
677 2740 718 2793 En
735 2737 788 2808 qud
807 2739 934 2792 discordia
952 2743 1028 2798 cives

327 2834 454 2889 Perduxit
468 2835 577 2889 miseros
593 2856 600 2889 ε
618 2853 653 2888 en
668 2836 742 2904 queis
758 2836 926 2890 consevimus
944 2854 1033 2910 agros.

327 2935 415 2988 insere
428 2953 512 3000 nunc,
522 2936 669 2999 Meliboee,
685 2951 768 3006 pyros
778 2953 786 2996 3
798 2951 869 3006 pone
881 2936 976 2990 ordine
989 2939 1069 2994 vires.

274 3045 307 3103 ῃ
328 3035 368 3092 Irc
382 3050 468 3100 mea,
482 3033 693 3108 quondamselix
704 3049 784 3106 pecus
798 3070 806 3098 ‚
821 3032 858 3086 ite
870 3035 992 3106 capelia.
