<?xml version="1.0" encoding="UTF-8"?>
<!DOCTYPE html PUBLIC "-//W3C//DTD XHTML 1.0 Transitional//EN"
    "http://www.w3.org/TR/xhtml1/DTD/xhtml1-transitional.dtd">
<html xmlns="http://www.w3.org/1999/xhtml" xml:lang="en" lang="en">
 <head>
  <title>
</title>
<meta http-equiv="Content-Type" content="text/html;charset=utf-8" />
  <meta name='ocr-system' content='tesseract 3.04.00' />
  <meta name='ocr-capabilities' content='ocr_page ocr_carea ocr_par ocr_line ocrx_word'/>
</head>
<body>
  <div class='ocr_page' id='page_1' title='image "./publiivirgiliim01vegigoog_0367.png"; bbox 0 0 2525 3934; ppageno 0'>
   <div class='ocr_carea' id='block_1_1' title="bbox 411 412 969 520">
    <p class='ocr_par' dir='ltr' id='par_1_1' title="bbox 411 412 969 520">
     <span class='ocr_line' id='line_1_1' title="bbox 411 412 969 520; baseline -0.016 -18"><span class='ocrx_word' id='word_1_1' title='bbox 411 418 662 502; x_wconf 75' lang='lat' dir='ltr'>Lrnara</span> <span class='ocrx_word' id='word_1_2' title='bbox 717 412 801 499; x_wconf 90' lang='lat' dir='ltr'>VI.</span> <span class='ocrx_word' id='word_1_3' title='bbox 893 439 969 520; x_wconf 81' lang='lat'>303</span> 
     </span>
    </p>
   </div>
   <div class='ocr_carea' id='block_1_2' title="bbox 176 590 1038 2790">
    <p class='ocr_par' dir='ltr' id='par_1_2' title="bbox 230 590 846 660">
     <span class='ocr_line' id='line_1_2' title="bbox 230 590 846 660; baseline -0.005 -14"><span class='ocrx_word' id='word_1_4' title='bbox 230 595 286 646; x_wconf 86' lang='lat' dir='ltr'>Sed</span> <span class='ocrx_word' id='word_1_5' title='bbox 297 609 360 660; x_wconf 84' lang='lat' dir='ltr'>cape</span> <span class='ocrx_word' id='word_1_6' title='bbox 372 592 437 644; x_wconf 71' lang='lat' dir='ltr'>dina</span> <span class='ocrx_word' id='word_1_7' title='bbox 452 609 557 646; x_wconf 89' lang='lat' dir='ltr'>mernor</span> <span class='ocrx_word' id='word_1_8' title='bbox 568 631 575 656; x_wconf 83' lang='lat'>,</span> <span class='ocrx_word' id='word_1_9' title='bbox 588 593 646 644; x_wconf 91' lang='lat' dir='ltr'>duri</span> <span class='ocrx_word' id='word_1_10' title='bbox 657 591 750 644; x_wconf 88' lang='lat' dir='ltr'>solatia</span> <span class='ocrx_word' id='word_1_11' title='bbox 761 590 846 643; x_wconf 73' lang='lat' dir='ltr'>cassis.</span> 
     </span>
    </p>

    <p class='ocr_par' dir='ltr' id='par_1_3' title="bbox 229 687 842 760">
     <span class='ocr_line' id='line_1_3' title="bbox 229 687 842 760; baseline -0.005 -18"><span class='ocrx_word' id='word_1_12' title='bbox 229 691 303 743; x_wconf 88' lang='lat' dir='ltr'>Nam</span> <span class='ocrx_word' id='word_1_13' title='bbox 312 704 355 742; x_wconf 88' lang='lat' dir='ltr'>rua</span> <span class='ocrx_word' id='word_1_14' title='bbox 364 689 472 744; x_wconf 83' lang='lat' dir='ltr'>finitimi</span> <span class='ocrx_word' id='word_1_15' title='bbox 482 689 564 760; x_wconf 64' lang='lat' dir='ltr'>longe</span> <span class='ocrx_word' id='word_1_16' title='bbox 572 687 679 758; x_wconf 72' lang='lat' dir='ltr'>lateque</span> <span class='ocrx_word' id='word_1_17' title='bbox 691 706 738 757; x_wconf 89' lang='lat' dir='ltr'>per</span> <span class='ocrx_word' id='word_1_18' title='bbox 748 689 842 750; x_wconf 84' lang='lat' dir='ltr'>urbes,</span> 
     </span>
    </p>

    <p class='ocr_par' dir='ltr' id='par_1_4' title="bbox 231 783 821 858">
     <span class='ocr_line' id='line_1_4' title="bbox 231 783 821 858; baseline -0.002 -21"><span class='ocrx_word' id='word_1_19' title='bbox 231 785 362 858; x_wconf 77' lang='lat' dir='ltr'>Prodigiis</span> <span class='ocrx_word' id='word_1_20' title='bbox 373 787 426 841; x_wconf 71' lang='lat' dir='ltr'>ani</span> <span class='ocrx_word' id='word_1_21' title='bbox 439 785 607 849; x_wconf 81' lang='lat' dir='ltr'>coelestibus,</span> <span class='ocrx_word' id='word_1_22' title='bbox 625 783 680 837; x_wconf 76' lang='lat' dir='ltr'>offa</span> <span class='ocrx_word' id='word_1_23' title='bbox 695 784 821 852; x_wconf 86' lang='lat' dir='ltr'>piabunt,</span> 
     </span>
    </p>

    <p class='ocr_par' dir='ltr' id='par_1_5' title="bbox 231 857 1035 1050">
     <span class='ocr_line' id='line_1_5' title="bbox 231 857 1035 945; baseline -0.004 -11"><span class='ocrx_word' id='word_1_24' title='bbox 231 883 267 936; x_wconf 88' lang='lat' dir='ltr'>Et</span> <span class='ocrx_word' id='word_1_25' title='bbox 275 884 385 938; x_wconf 85' lang='lat' dir='ltr'>statuent</span> <span class='ocrx_word' id='word_1_26' title='bbox 396 857 544 945; x_wconf 79' lang='lat' dir='ltr'>tumulum,</span> <span class='ocrx_word' id='word_1_27' title='bbox 557 883 584 934; x_wconf 88' lang='lat'>&amp;</span> <span class='ocrx_word' id='word_1_28' title='bbox 592 883 697 934; x_wconf 88' lang='lat' dir='ltr'>tumulo</span> <span class='ocrx_word' id='word_1_29' title='bbox 707 881 827 934; x_wconf 88' lang='lat' dir='ltr'>solennia</span> <span class='ocrx_word' id='word_1_30' title='bbox 837 877 960 943; x_wconf 83' lang='lat' dir='ltr'>mittent,</span> <span class='ocrx_word' id='word_1_31' title='bbox 981 877 1035 944; x_wconf 85' lang='lat'>380</span> 
     </span>
     <span class='ocr_line' id='line_1_6' title="bbox 231 977 875 1050; baseline 0.002 -18"><span class='ocrx_word' id='word_1_32' title='bbox 231 979 428 1048; x_wconf 83' lang='lat' dir='ltr'>AEternurnque</span> <span class='ocrx_word' id='word_1_33' title='bbox 438 981 514 1050; x_wconf 80' lang='lat' dir='ltr'>locus</span> <span class='ocrx_word' id='word_1_34' title='bbox 525 978 641 1031; x_wconf 83' lang='lat' dir='ltr'>Palinuri</span> <span class='ocrx_word' id='word_1_35' title='bbox 652 994 752 1031; x_wconf 88' lang='lat' dir='ltr'>nornen</span> <span class='ocrx_word' id='word_1_36' title='bbox 761 977 875 1047; x_wconf 78' lang='lat' dir='ltr'>habebit.</span> 
     </span>
    </p>

    <p class='ocr_par' dir='ltr' id='par_1_6' title="bbox 232 1077 883 1147">
     <span class='ocr_line' id='line_1_7' title="bbox 232 1077 883 1147; baseline -0.002 -19"><span class='ocrx_word' id='word_1_37' title='bbox 232 1079 285 1130; x_wconf 86' lang='lat' dir='ltr'>His</span> <span class='ocrx_word' id='word_1_38' title='bbox 295 1077 373 1129; x_wconf 72' lang='lat' dir='ltr'>diffie</span> <span class='ocrx_word' id='word_1_39' title='bbox 383 1093 450 1129; x_wconf 86' lang='lat' dir='ltr'>curae</span> <span class='ocrx_word' id='word_1_40' title='bbox 459 1091 557 1130; x_wconf 73' lang='lat' dir='ltr'>emota</span> <span class='ocrx_word' id='word_1_41' title='bbox 569 1116 577 1142; x_wconf 85' lang='lat'>‚</span> <span class='ocrx_word' id='word_1_42' title='bbox 589 1077 730 1146; x_wconf 86' lang='lat' dir='ltr'>pulsusque</span> <span class='ocrx_word' id='word_1_43' title='bbox 740 1091 883 1147; x_wconf 82' lang='lat' dir='ltr'>parumper</span> 
     </span>
    </p>

    <p class='ocr_par' dir='ltr' id='par_1_7' title="bbox 176 1170 878 1245">
     <span class='ocr_line' id='line_1_8' title="bbox 176 1170 878 1245; baseline -0.006 -16"><span class='ocrx_word' id='word_1_44' title='bbox 176 1214 185 1229; x_wconf 93' lang='lat'>.</span> <span class='ocrx_word' id='word_1_45' title='bbox 236 1174 325 1227; x_wconf 84' lang='lat' dir='ltr'>Corde</span> <span class='ocrx_word' id='word_1_46' title='bbox 334 1175 412 1226; x_wconf 90' lang='lat' dir='ltr'>dolor</span> <span class='ocrx_word' id='word_1_47' title='bbox 420 1172 486 1226; x_wconf 84' lang='lat' dir='ltr'>tristi</span> <span class='ocrx_word' id='word_1_48' title='bbox 498 1192 505 1227; x_wconf 76' lang='grc' dir='ltr'><strong><em>ε</em></strong></span> <span class='ocrx_word' id='word_1_49' title='bbox 518 1176 613 1245; x_wconf 84' lang='lat' dir='ltr'>gaudet</span> <span class='ocrx_word' id='word_1_50' title='bbox 623 1173 787 1244; x_wconf 78' lang='lat' dir='ltr'>cognomine</span> <span class='ocrx_word' id='word_1_51' title='bbox 798 1170 878 1225; x_wconf 70' lang='lat' dir='ltr'>terri.</span> 
     </span>
    </p>

    <p class='ocr_par' dir='ltr' id='par_1_8' title="bbox 233 1266 1035 1534">
     <span class='ocr_line' id='line_1_9' title="bbox 273 1266 1035 1342; baseline -0.001 -20"><span class='ocrx_word' id='word_1_52' title='bbox 273 1271 344 1342; x_wconf 77' lang='lat' dir='ltr'>Ergo</span> <span class='ocrx_word' id='word_1_53' title='bbox 351 1269 400 1324; x_wconf 86' lang='lat' dir='ltr'>iter</span> <span class='ocrx_word' id='word_1_54' title='bbox 407 1270 838 1341; x_wconf 81' lang='lat' dir='ltr'>inceptumperagrrnt,fluvioqtre</span> <span class='ocrx_word' id='word_1_55' title='bbox 844 1266 1035 1337; x_wconf 88' lang='lat' dir='ltr'>propinquant.</span> 
     </span>
     <span class='ocr_line' id='line_1_10' title="bbox 235 1364 1032 1439; baseline -0.009 -17"><span class='ocrx_word' id='word_1_56' title='bbox 235 1367 334 1422; x_wconf 83' lang='lat' dir='ltr'>Navita</span> <span class='ocrx_word' id='word_1_57' title='bbox 343 1385 412 1438; x_wconf 89' lang='lat' dir='ltr'>quos</span> <span class='ocrx_word' id='word_1_58' title='bbox 422 1367 477 1435; x_wconf 82' lang='lat' dir='ltr'>jam</span> <span class='ocrx_word' id='word_1_59' title='bbox 486 1367 545 1422; x_wconf 87' lang='lat' dir='ltr'>inde</span> <span class='ocrx_word' id='word_1_60' title='bbox 554 1384 584 1421; x_wconf 90' lang='lat' dir='ltr'>ut</span> <span class='ocrx_word' id='word_1_61' title='bbox 596 1369 689 1439; x_wconf 83' lang='lat' dir='ltr'>Stygia</span> <span class='ocrx_word' id='word_1_62' title='bbox 698 1366 837 1435; x_wconf 79' lang='lat' dir='ltr'>prospexit</span> <span class='ocrx_word' id='word_1_63' title='bbox 847 1366 878 1418; x_wconf 86' lang='lat' dir='ltr'>ab</span> <span class='ocrx_word' id='word_1_64' title='bbox 888 1365 958 1416; x_wconf 88' lang='lat' dir='ltr'>unda</span> <span class='ocrx_word' id='word_1_65' title='bbox 983 1364 1032 1431; x_wconf 81' lang='lat'>385</span> 
     </span>
     <span class='ocr_line' id='line_1_11' title="bbox 233 1461 977 1534; baseline -0.003 -18"><span class='ocrx_word' id='word_1_66' title='bbox 233 1465 284 1517; x_wconf 90' lang='lat' dir='ltr'>Per</span> <span class='ocrx_word' id='word_1_67' title='bbox 292 1465 404 1522; x_wconf 80' lang='lat' dir='ltr'>tacitum</span> <span class='ocrx_word' id='word_1_68' title='bbox 416 1482 509 1520; x_wconf 84' lang='lat' dir='ltr'>nemus</span> <span class='ocrx_word' id='word_1_69' title='bbox 518 1465 558 1519; x_wconf 86' lang='lat' dir='ltr'>ire</span> <span class='ocrx_word' id='word_1_70' title='bbox 569 1505 576 1529; x_wconf 88' lang='grc'>,</span> <span class='ocrx_word' id='word_1_71' title='bbox 588 1467 737 1534; x_wconf 83' lang='lat' dir='ltr'>pedemque</span> <span class='ocrx_word' id='word_1_72' title='bbox 747 1465 883 1530; x_wconf 80' lang='lat' dir='ltr'>advertere</span> <span class='ocrx_word' id='word_1_73' title='bbox 896 1461 977 1530; x_wconf 80' lang='lat' dir='ltr'>ripae,</span> 
     </span>
    </p>

    <p class='ocr_par' dir='ltr' id='par_1_9' title="bbox 176 1560 1038 2023">
     <span class='ocr_line' id='line_1_12' title="bbox 176 1560 957 1633; baseline -0.001 -18"><span class='ocrx_word' id='word_1_74' title='bbox 176 1615 180 1628; x_wconf 67' lang='lat'>‚</span> <span class='ocrx_word' id='word_1_75' title='bbox 232 1560 279 1615; x_wconf 85' lang='lat' dir='ltr'>Sic</span> <span class='ocrx_word' id='word_1_76' title='bbox 291 1561 366 1629; x_wconf 79' lang='lat' dir='ltr'>prior</span> <span class='ocrx_word' id='word_1_77' title='bbox 377 1563 527 1633; x_wconf 79' lang='lat' dir='ltr'>aggreditur</span> <span class='ocrx_word' id='word_1_78' title='bbox 535 1561 611 1616; x_wconf 73' lang='lat' dir='ltr'>diffie</span> <span class='ocrx_word' id='word_1_79' title='bbox 624 1601 632 1626; x_wconf 94' lang='lat'>,</span> <span class='ocrx_word' id='word_1_80' title='bbox 649 1575 727 1630; x_wconf 82' lang='lat' dir='ltr'>atque</span> <span class='ocrx_word' id='word_1_81' title='bbox 739 1561 858 1628; x_wconf 77' lang='lat' dir='ltr'>increpat</span> <span class='ocrx_word' id='word_1_82' title='bbox 867 1561 957 1614; x_wconf 79' lang='lat' dir='ltr'>ultro:</span> 
     </span>
     <span class='ocr_line' id='line_1_13' title="bbox 232 1656 983 1728; baseline 0.007 -21"><span class='ocrx_word' id='word_1_83' title='bbox 232 1656 366 1726; x_wconf 82' lang='lat' dir='ltr'>Quisquis</span> <span class='ocrx_word' id='word_1_84' title='bbox 376 1675 404 1711; x_wconf 89' lang='lat' dir='ltr'>es</span> <span class='ocrx_word' id='word_1_85' title='bbox 414 1697 423 1723; x_wconf 89' lang='lat'>,</span> <span class='ocrx_word' id='word_1_86' title='bbox 435 1673 550 1712; x_wconf 77' lang='lat' dir='ltr'>armatus</span> <span class='ocrx_word' id='word_1_87' title='bbox 559 1659 607 1728; x_wconf 89' lang='lat' dir='ltr'>qui</span> <span class='ocrx_word' id='word_1_88' title='bbox 616 1657 704 1711; x_wconf 81' lang='lat' dir='ltr'>nostra</span> <span class='ocrx_word' id='word_1_89' title='bbox 714 1661 747 1711; x_wconf 92' lang='lat' dir='ltr'>ad</span> <span class='ocrx_word' id='word_1_90' title='bbox 757 1657 867 1711; x_wconf 84' lang='lat' dir='ltr'>flumina</span> <span class='ocrx_word' id='word_1_91' title='bbox 875 1657 961 1713; x_wconf 81' lang='lat' dir='ltr'>tendis</span> <span class='ocrx_word' id='word_1_92' title='bbox 971 1664 983 1722; x_wconf 84' lang='grc'>,“</span> 
     </span>
     <span class='ocr_line' id='line_1_14' title="bbox 234 1754 999 1828; baseline -0.001 -20"><span class='ocrx_word' id='word_1_93' title='bbox 234 1757 303 1808; x_wconf 85' lang='lat' dir='ltr'>Fare</span> <span class='ocrx_word' id='word_1_94' title='bbox 310 1771 357 1825; x_wconf 85' lang='lat' dir='ltr'>age</span> <span class='ocrx_word' id='word_1_95' title='bbox 364 1757 429 1824; x_wconf 93' lang='lat' dir='ltr'>quid</span> <span class='ocrx_word' id='word_1_96' title='bbox 434 1755 536 1809; x_wconf 85' lang='lat' dir='ltr'>venias:</span> <span class='ocrx_word' id='word_1_97' title='bbox 543 1755 598 1822; x_wconf 85' lang='lat' dir='ltr'>jam</span> <span class='ocrx_word' id='word_1_98' title='bbox 605 1754 680 1809; x_wconf 85' lang='lat' dir='ltr'>istinc</span> <span class='ocrx_word' id='word_1_99' title='bbox 687 1757 865 1826; x_wconf 87' lang='lat' dir='ltr'>&amp;comprime</span> <span class='ocrx_word' id='word_1_100' title='bbox 872 1756 999 1828; x_wconf 74' lang='lat' dir='ltr'>gressum:</span> 
     </span>
     <span class='ocr_line' id='line_1_15' title="bbox 234 1852 1038 1924; baseline 0 -19"><span class='ocrx_word' id='word_1_101' title='bbox 234 1852 396 1906; x_wconf 81' lang='lat' dir='ltr'>Umbramm</span> <span class='ocrx_word' id='word_1_102' title='bbox 402 1853 685 1920; x_wconf 77' lang='lat' dir='ltr'>hiclocusest‚Son1ni</span> <span class='ocrx_word' id='word_1_103' title='bbox 692 1854 963 1924; x_wconf 76' lang='lat' dir='ltr'>Noffisquesoporae:</span> <span class='ocrx_word' id='word_1_104' title='bbox 985 1859 1038 1915; x_wconf 82' lang='lat'>390</span> 
     </span>
     <span class='ocr_line' id='line_1_16' title="bbox 232 1950 855 2023; baseline -0.002 -19"><span class='ocrx_word' id='word_1_105' title='bbox 232 1953 358 2020; x_wconf 86' lang='lat' dir='ltr'>Corpora</span> <span class='ocrx_word' id='word_1_106' title='bbox 367 1952 433 2007; x_wconf 83' lang='lat' dir='ltr'>viva</span> <span class='ocrx_word' id='word_1_107' title='bbox 444 1954 518 2006; x_wconf 83' lang='lat' dir='ltr'>nefas</span> <span class='ocrx_word' id='word_1_108' title='bbox 530 1954 624 2023; x_wconf 76' lang='lat' dir='ltr'>Stygid</span> <span class='ocrx_word' id='word_1_109' title='bbox 632 1954 737 2006; x_wconf 56' lang='lat' dir='ltr'>vedare</span> <span class='ocrx_word' id='word_1_110' title='bbox 747 1950 855 2007; x_wconf 73' lang='lat' dir='ltr'>carini.-</span> 
     </span>
    </p>

    <p class='ocr_par' dir='ltr' id='par_1_10' title="bbox 233 2047 846 2102">
     <span class='ocr_line' id='line_1_17' title="bbox 233 2047 846 2102; baseline 0 -3"><span class='ocrx_word' id='word_1_111' title='bbox 233 2048 295 2099; x_wconf 84' lang='lat' dir='ltr'>Nec</span> <span class='ocrx_word' id='word_1_112' title='bbox 306 2047 373 2099; x_wconf 74' lang='lat' dir='ltr'>vero</span> <span class='ocrx_word' id='word_1_113' title='bbox 384 2049 496 2100; x_wconf 83' lang='lat' dir='ltr'>Alciden</span> <span class='ocrx_word' id='word_1_114' title='bbox 506 2048 616 2099; x_wconf 90' lang='lat' dir='ltr'>mesum</span> <span class='ocrx_word' id='word_1_115' title='bbox 626 2050 728 2101; x_wconf 67' lang='lat' dir='ltr'>letatus</span> <span class='ocrx_word' id='word_1_116' title='bbox 738 2062 846 2102; x_wconf 90' lang='lat' dir='ltr'>euntem</span> 
     </span>
    </p>

    <p class='ocr_par' dir='ltr' id='par_1_11' title="bbox 235 2141 882 2212">
     <span class='ocr_line' id='line_1_18' title="bbox 235 2141 882 2212; baseline 0.005 -18"><span class='ocrx_word' id='word_1_117' title='bbox 235 2141 374 2210; x_wconf 75' lang='lat' dir='ltr'>Accepisse</span> <span class='ocrx_word' id='word_1_118' title='bbox 383 2145 442 2195; x_wconf 87' lang='lat' dir='ltr'>lacu</span> <span class='ocrx_word' id='word_1_119' title='bbox 452 2182 460 2206; x_wconf 82' lang='lat'>,</span> <span class='ocrx_word' id='word_1_120' title='bbox 472 2158 522 2195; x_wconf 86' lang='lat' dir='ltr'>nec</span> <span class='ocrx_word' id='word_1_121' title='bbox 531 2142 650 2206; x_wconf 83' lang='lat' dir='ltr'>Thesea,</span> <span class='ocrx_word' id='word_1_122' title='bbox 664 2143 882 2212; x_wconf 71' lang='lat' dir='ltr'>Pirithoiirnquea</span> 
     </span>
    </p>

    <p class='ocr_par' dir='ltr' id='par_1_12' title="bbox 235 2237 1035 2504">
     <span class='ocr_line' id='line_1_19' title="bbox 237 2237 973 2309; baseline 0.004 -17"><span class='ocrx_word' id='word_1_123' title='bbox 237 2238 304 2292; x_wconf 87' lang='lat' dir='ltr'>Diis</span> <span class='ocrx_word' id='word_1_124' title='bbox 311 2255 470 2308; x_wconf 87' lang='lat' dir='ltr'>quamquam</span> <span class='ocrx_word' id='word_1_125' title='bbox 477 2238 560 2309; x_wconf 82' lang='lat' dir='ltr'>geniti</span> <span class='ocrx_word' id='word_1_126' title='bbox 570 2271 579 2302; x_wconf 56' lang='grc' dir='ltr'><strong>ς</strong></span> <span class='ocrx_word' id='word_1_127' title='bbox 589 2254 668 2309; x_wconf 88' lang='lat' dir='ltr'>atque</span> <span class='ocrx_word' id='word_1_128' title='bbox 675 2239 768 2292; x_wconf 64' lang='lat' dir='ltr'>invidi</span> <span class='ocrx_word' id='word_1_129' title='bbox 774 2240 875 2294; x_wconf 85' lang='lat' dir='ltr'>viribus</span> <span class='ocrx_word' id='word_1_130' title='bbox 882 2237 973 2295; x_wconf 79' lang='lat' dir='ltr'>effenr.</span> 
     </span>
     <span class='ocr_line' id='line_1_20' title="bbox 235 2317 1035 2408; baseline 0.009 -22"><span class='ocrx_word' id='word_1_131' title='bbox 235 2336 394 2389; x_wconf 89' lang='lat' dir='ltr'>Tartareum</span> <span class='ocrx_word' id='word_1_132' title='bbox 403 2335 449 2390; x_wconf 90' lang='lat' dir='ltr'>ille</span> <span class='ocrx_word' id='word_1_133' title='bbox 461 2353 542 2388; x_wconf 90' lang='lat' dir='ltr'>manu</span> <span class='ocrx_word' id='word_1_134' title='bbox 550 2335 685 2390; x_wconf 81' lang='lat' dir='ltr'>custodem</span> <span class='ocrx_word' id='word_1_135' title='bbox 694 2337 723 2390; x_wconf 91' lang='lat' dir='ltr'>in</span> <span class='ocrx_word' id='word_1_136' title='bbox 730 2317 820 2391; x_wconf 83' lang='lat' dir='ltr'>vincla</span> <span class='ocrx_word' id='word_1_137' title='bbox 831 2339 928 2407; x_wconf 88' lang='lat' dir='ltr'>petivit</span> <span class='ocrx_word' id='word_1_138' title='bbox 939 2377 946 2405; x_wconf 87' lang='lat'>,</span> <span class='ocrx_word' id='word_1_139' title='bbox 985 2353 1035 2408; x_wconf 77' lang='lat'>395</span> 
     </span>
     <span class='ocr_line' id='line_1_21' title="bbox 235 2414 851 2504; baseline 0.008 -18"><span class='ocrx_word' id='word_1_140' title='bbox 235 2433 321 2502; x_wconf 77' lang='lat' dir='ltr'>Ipsius</span> <span class='ocrx_word' id='word_1_141' title='bbox 332 2452 347 2488; x_wconf 90' lang='lat' dir='ltr'>a</span> <span class='ocrx_word' id='word_1_142' title='bbox 358 2435 430 2488; x_wconf 87' lang='lat' dir='ltr'>solio</span> <span class='ocrx_word' id='word_1_143' title='bbox 436 2432 521 2504; x_wconf 81' lang='lat' dir='ltr'>Regis</span> <span class='ocrx_word' id='word_1_144' title='bbox 530 2433 664 2503; x_wconf 85' lang='lat' dir='ltr'>traxitque</span> <span class='ocrx_word' id='word_1_145' title='bbox 675 2414 832 2488; x_wconf 83' lang='lat' dir='ltr'>trementem</span> <span class='ocrx_word' id='word_1_146' title='bbox 842 2455 851 2491; x_wconf 75' lang='lat' dir='ltr'>t</span> 
     </span>
    </p>

    <p class='ocr_par' dir='ltr' id='par_1_13' title="bbox 236 2531 883 2587">
     <span class='ocr_line' id='line_1_22' title="bbox 236 2531 883 2587; baseline 0.006 -4"><span class='ocrx_word' id='word_1_147' title='bbox 236 2532 276 2583; x_wconf 83' lang='lat' dir='ltr'>Hi</span> <span class='ocrx_word' id='word_1_148' title='bbox 289 2532 425 2585; x_wconf 90' lang='lat' dir='ltr'>dominam</span> <span class='ocrx_word' id='word_1_149' title='bbox 434 2531 509 2584; x_wconf 87' lang='lat' dir='ltr'>Ditis</span> <span class='ocrx_word' id='word_1_150' title='bbox 519 2532 638 2584; x_wconf 86' lang='lat' dir='ltr'>thalamo</span> <span class='ocrx_word' id='word_1_151' title='bbox 651 2532 777 2587; x_wconf 85' lang='lat' dir='ltr'>deducere</span> <span class='ocrx_word' id='word_1_152' title='bbox 788 2533 883 2587; x_wconf 89' lang='lat' dir='ltr'>adorti.</span> 
     </span>
    </p>

    <p class='ocr_par' dir='ltr' id='par_1_14' title="bbox 239 2629 920 2698">
     <span class='ocr_line' id='line_1_23' title="bbox 239 2629 920 2698; baseline 0.009 -20"><span class='ocrx_word' id='word_1_153' title='bbox 239 2629 308 2691; x_wconf 82' lang='lat' dir='ltr'>Quae</span> <span class='ocrx_word' id='word_1_154' title='bbox 317 2643 409 2680; x_wconf 89' lang='lat' dir='ltr'>contra</span> <span class='ocrx_word' id='word_1_155' title='bbox 418 2630 535 2683; x_wconf 85' lang='lat' dir='ltr'>brevitet</span> <span class='ocrx_word' id='word_1_156' title='bbox 542 2631 595 2683; x_wconf 83' lang='lat' dir='ltr'>fata</span> <span class='ocrx_word' id='word_1_157' title='bbox 607 2629 646 2682; x_wconf 87' lang='lat' dir='ltr'>est</span> <span class='ocrx_word' id='word_1_158' title='bbox 656 2629 815 2698; x_wconf 79' lang='lat' dir='ltr'>Amphryfia</span> <span class='ocrx_word' id='word_1_159' title='bbox 825 2643 920 2684; x_wconf 72' lang='lat' dir='ltr'>vatent</span> 
     </span>
    </p>

    <p class='ocr_par' dir='ltr' id='par_1_15' title="bbox 240 2724 820 2790">
     <span class='ocr_line' id='line_1_24' title="bbox 240 2724 820 2790; baseline 0.007 -16"><span class='ocrx_word' id='word_1_160' title='bbox 240 2725 329 2775; x_wconf 73' lang='lat' dir='ltr'>Nulla</span> <span class='ocrx_word' id='word_1_161' title='bbox 338 2725 382 2776; x_wconf 84' lang='lat' dir='ltr'>hic</span> <span class='ocrx_word' id='word_1_162' title='bbox 391 2724 488 2777; x_wconf 76' lang='lat' dir='ltr'>infidia</span> <span class='ocrx_word' id='word_1_163' title='bbox 497 2729 563 2779; x_wconf 88' lang='lat' dir='ltr'>tales</span> <span class='ocrx_word' id='word_1_164' title='bbox 573 2764 581 2790; x_wconf 86' lang='lat'>,</span> <span class='ocrx_word' id='word_1_165' title='bbox 597 2727 685 2779; x_wconf 83' lang='lat' dir='ltr'>ahsrsie</span> <span class='ocrx_word' id='word_1_166' title='bbox 695 2726 802 2780; x_wconf 84' lang='lat' dir='ltr'>moveri</span> <span class='ocrx_word' id='word_1_167' title='bbox 811 2745 820 2788; x_wconf 68' lang='grc' dir='ltr'>ς</span> 
     </span>
    </p>
   </div>
   <div class='ocr_carea' id='block_1_3' title="bbox 240 2819 1040 3187">
    <p class='ocr_par' dir='ltr' id='par_1_16' title="bbox 240 2819 1040 2990">
     <span class='ocr_line' id='line_1_25' title="bbox 240 2819 1040 2896; baseline 0.011 -24"><span class='ocrx_word' id='word_1_168' title='bbox 240 2821 298 2874; x_wconf 89' lang='lat' dir='ltr'>Nec</span> <span class='ocrx_word' id='word_1_169' title='bbox 306 2819 365 2873; x_wconf 89' lang='lat' dir='ltr'>virn</span> <span class='ocrx_word' id='word_1_170' title='bbox 374 2823 425 2874; x_wconf 91' lang='lat' dir='ltr'>tela</span> <span class='ocrx_word' id='word_1_171' title='bbox 433 2821 612 2875; x_wconf 78' lang='lat' dir='ltr'>seruntzlicet</span> <span class='ocrx_word' id='word_1_172' title='bbox 621 2821 715 2892; x_wconf 83' lang='lat' dir='ltr'>ingens</span> <span class='ocrx_word' id='word_1_173' title='bbox 725 2821 824 2889; x_wconf 81' lang='lat' dir='ltr'>janitor</span> <span class='ocrx_word' id='word_1_174' title='bbox 833 2836 910 2880; x_wconf 83' lang='lat' dir='ltr'>antro</span> <span class='ocrx_word' id='word_1_175' title='bbox 985 2842 1040 2896; x_wconf 83' lang='lat'>400</span> 
     </span>
     <span class='ocr_line' id='line_1_26' title="bbox 240 2917 882 2990; baseline 0.005 -18"><span class='ocrx_word' id='word_1_176' title='bbox 240 2917 382 2973; x_wconf 79' lang='lat' dir='ltr'>AEternun</span> <span class='ocrx_word' id='word_1_177' title='bbox 391 2920 487 2972; x_wconf 86' lang='lat' dir='ltr'>latrans</span> <span class='ocrx_word' id='word_1_178' title='bbox 494 2919 642 2990; x_wconf 73' lang='lat' dir='ltr'>exsangues</span> <span class='ocrx_word' id='word_1_179' title='bbox 653 2934 750 2973; x_wconf 88' lang='lat' dir='ltr'>terreat</span> <span class='ocrx_word' id='word_1_180' title='bbox 758 2921 882 2983; x_wconf 65' lang='lat' dir='ltr'>umbram</span> 
     </span>
    </p>

    <p class='ocr_par' dir='ltr' id='par_1_17' title="bbox 241 3015 857 3086">
     <span class='ocr_line' id='line_1_27' title="bbox 241 3015 857 3086; baseline 0.005 -16"><span class='ocrx_word' id='word_1_181' title='bbox 241 3016 316 3070; x_wconf 87' lang='lat' dir='ltr'>Casta</span> <span class='ocrx_word' id='word_1_182' title='bbox 325 3018 389 3071; x_wconf 87' lang='lat' dir='ltr'>licet</span> <span class='ocrx_word' id='word_1_183' title='bbox 400 3016 486 3085; x_wconf 90' lang='lat' dir='ltr'>patrui</span> <span class='ocrx_word' id='word_1_184' title='bbox 498 3016 585 3070; x_wconf 83' lang='lat' dir='ltr'>servet</span> <span class='ocrx_word' id='word_1_185' title='bbox 596 3015 753 3086; x_wconf 86' lang='lat' dir='ltr'>Proserpina</span> <span class='ocrx_word' id='word_1_186' title='bbox 764 3017 857 3074; x_wconf 88' lang='lat' dir='ltr'>limen.</span> 
     </span>
    </p>

    <p class='ocr_par' dir='ltr' id='par_1_18' title="bbox 243 3112 851 3187">
     <span class='ocr_line' id='line_1_28' title="bbox 243 3112 851 3187; baseline 0.012 -25"><span class='ocrx_word' id='word_1_187' title='bbox 243 3112 340 3167; x_wconf 84' lang='lat' dir='ltr'>Troius</span> <span class='ocrx_word' id='word_1_188' title='bbox 352 3115 449 3169; x_wconf 83' lang='lat' dir='ltr'>AEnens</span> <span class='ocrx_word' id='word_1_189' title='bbox 462 3153 470 3181; x_wconf 89' lang='lat'>,</span> <span class='ocrx_word' id='word_1_190' title='bbox 486 3114 585 3185; x_wconf 88' lang='lat' dir='ltr'>pietate</span> <span class='ocrx_word' id='word_1_191' title='bbox 594 3114 705 3187; x_wconf 73' lang='lat' dir='ltr'>insignit</span> <span class='ocrx_word' id='word_1_192' title='bbox 716 3115 744 3170; x_wconf 71' lang='lat' dir='ltr'>dr</span> <span class='ocrx_word' id='word_1_193' title='bbox 754 3113 851 3179; x_wconf 74' lang='lat' dir='ltr'>annia,</span> 
     </span>
    </p>
   </div>
   <div class='ocr_carea' id='block_1_4' title="bbox 0 0 1279 3934">
    <p class='ocr_par' dir='ltr' id='par_1_19' title="bbox 0 0 1279 3934">
     <span class='ocr_line' id='line_1_29' title="bbox 0 0 1279 3934; baseline 0 0"><span class='ocrx_word' id='word_1_194' title='bbox 0 0 1279 3934; x_wconf 95' lang='lat' dir='ltr'> </span> 
     </span>
    </p>
   </div>
  </div>
 </body>
</html>
