2525 3934
417 408 794 494 Linian.
896 439 975 519 237

231 563 313 616 Fama
324 563 414 632 prior:
426 565 468 616 cui
479 582 526 634 me·
533 565 716 617 moribundam
726 564 824 618 deseris
836 603 843 627 ,
859 564 975 632 hospes?
1014 604 1016 608 ψ

232 661 297 712 Hoc
307 660 391 714 solum
401 678 499 716 nomen
508 663 636 733 quoniam
646 665 677 715 de
688 662 802 732 conjuge
813 661 898 715 restat.

235 758 312 824 Quid
321 762 427 813 moror?
437 776 471 812 an
479 758 775 828 meaPygmaliondum
781 757 882 811 moenia
889 757 969 811 frater
983 766 1031 817 325

235 853 377 910 Destmat?
388 872 433 909 aut
442 869 546 923 captam
558 856 635 907 ducat
646 855 759 908 Getulus
771 856 856 908 Iarbas
866 858 878 909 ἓ

233 951 333 1004 Saltem
342 953 361 1005 fi
371 970 424 1021 qua
433 951 500 1004 mihi
510 953 541 1003 de
554 966 579 1004 te
591 952 708 1019 suscepta
716 951 802 1005 fuiffet

233 1048 304 1101 Ante
319 1048 410 1116 fugam
422 1047 525 1100 soboles
536 1078 543 1111 5
559 1045 579 1098 fi
591 1047 650 1116 quis
660 1047 727 1100 mihi
736 1051 861 1117 parvulus
872 1048 932 1102 auid

235 1144 353 1194 Luderet
363 1142 474 1208 AEneas,
484 1143 530 1214 qui
541 1158 568 1198 te
578 1145 682 1198 tantum
692 1161 738 1199 ore
748 1147 871 1207 referrem

237 1242 304 1292 Non
316 1239 437 1309 equidem
447 1241 558 1295 omnino
569 1257 644 1311 capta
654 1257 699 1295 aut
711 1243 811 1296 deserta
820 1242 933 1297 viderer.
986 1251 1037 1305 330

178 1352 185 1383 .·
275 1339 399 1392 Dixerat.
409 1340 458 1392 llle
469 1339 546 1393 lovis
556 1341 667 1394 monitis
677 1341 791 1393 immota
799 1341 905 1393 tenebat

178 1451 198 1482 r·
237 1435 368 1501 Lumina,
382 1439 410 1490 δι
421 1437 537 1492 obnixus
549 1453 639 1491 curam
650 1438 784 1490 subcorde
795 1437 939 1505 premebat.

178 1550 201 1583 ι
238 1533 357 1587 Tandem
366 1551 448 1604 pauca
459 1537 539 1590 refert
550 1554 557 1590 t
573 1537 629 1608 Ego
639 1551 666 1590 te
677 1575 685 1600 ,
698 1553 755 1606 que
765 1533 879 1604 plurima
887 1534 964 1589 fando

178 1632 197 1679 ὲ
210 1634 212 1638 “
239 1630 400 1682 Enumerare
409 1636 482 1684 vales
494 1671 501 1697 ,
514 1650 672 1703 numquam,
684 1633 909 1704 Regina‚negelro

178 1740 212 1775 τε
236 1725 416 1780 Promeritam
429 1746 436 1780 ε
447 1743 496 1781 nec
505 1743 548 1780 me
558 1727 704 1783 meminiffe
713 1729 814 1800 pigebit
823 1728 912 1792 Elisa.
986 1739 1035 1793 335

237 1822 981 1895 Dummemoripsemei,dumspirinuhosregetartus.

234 1920 997 1993 Prorepaucaloquar.Nequeegohaneabscondereiurto

179 2028 193 2060 '-'
236 2020 370 2088 Speravi,
387 2037 420 2073 ne
432 2019 504 2089 finge
515 2059 523 2082 ‚
533 2020 640 2086 fugam,
652 2034 702 2070 nec
712 2015 834 2085 conjugis
845 2031 970 2083 umquam

179 2120 190 2155 ί
238 2115 373 2169 Praetendi
382 2117 462 2167 taedas
475 2152 483 2175 ‚
496 2127 542 2165 aut
551 2113 609 2164 haec
617 2112 647 2164 in
658 2113 757 2166 foedera
767 2111 842 2166 veni.

238 2214 291 2267 Me
302 2211 322 2263 fi
335 2211 388 2263 fata
400 2209 467 2261 meis
476 2223 629 2277 paterentur
638 2211 730 2262 ducere
739 2209 824 2263 viram
988 2221 1040 2276 340

189 2344 195 2351 -
239 2305 395 2379 Auspiciis,
408 2307 433 2359 ἃ
442 2307 537 2375 sponte
547 2305 606 2359 mei
617 2322 777 2376 componere
785 2325 876 2370 curan

239 2408 343 2460 Urbem
356 2403 500 2471 Troianam
508 2403 622 2472 prinum
632 2443 640 2468 ‚
652 2405 790 2475 dulcesque
802 2422 922 2461 meorum

239 2502 388 2571 Relliquias
399 2486 533 2554 colerem:
546 2499 644 2568 Priami
656 2499 723 2554 tedia
732 2504 783 2554 alta
792 2518 946 2569 manerent,

239 2602 275 2654 Et
285 2599 400 2651 recidiva
411 2615 490 2652 manu
500 2597 643 2667 posuiffem
652 2597 777 2669 Pergama
788 2598 878 2653 vidis.

241 2696 487 2752 sednuncltaliam
496 2711 616 2765 magnam
626 2695 761 2766 Gryneus
770 2697 886 2764 Apollo,
990 2708 1036 2766 345

241 2791 349 2848 Italiam
360 2789 450 2860 Lyciae
461 2787 553 2854 juffere
561 2789 688 2857 capeffere
698 2792 781 2847 sortes
794 2811 801 2845 :

243 2890 298 2945 Hic
308 2906 384 2942 amor
393 2927 401 2952 ,
410 2888 466 2940 haec
476 2884 559 2955 patria
568 2885 613 2938 est.
624 2885 653 2938 si
663 2901 689 2940 te
702 2888 867 2960 Carthaginis
875 2906 948 2944 arces

180 3000 182 3004 ⁴
243 2986 405 3040 Phoenili'am
416 3026 424 3049 ‚
436 2985 595 3054 libycaeque
607 2983 723 3053 aspeQus
734 2986 834 3041 detinet
844 2985 937 3044 urbis3

247 3085 316 3151 Quae
324 3087 430 3140 tandem
439 3081 557 3139 Ausonii
568 3082 686 3139 Teucros
694 3082 828 3140 confidere
837 3077 908 3134 terri
