2525 3934
278 413 360 487 244
471 380 827 465 AEuoroos·

273 546 406 615 Sparserat
419 546 446 598 &
456 546 547 599 latices
557 545 692 600 simulatos
704 546 790 600 fontis
800 546 917 602 Averni.
999 530 1003 537 ’

273 643 392 695 Falcibus
400 643 426 695 dr
435 641 520 695 meffae
531 644 563 694 ad
571 642 673 694 Lunam
683 658 840 712 quaeruntur
850 643 946 698 ahenis

273 737 404 789 Pubentes
414 739 516 801 herbe,
527 738 597 807 nigri
605 754 667 790 cum
678 739 746 791 lasse
755 740 870 794 veneni.

221 851 269 903 515
280 833 414 900 Quaetitur
426 836 452 886 δι
464 834 593 887 nascentis
603 825 666 903 equi
676 835 708 887 de
717 835 811 888 sronre
819 837 964 901 revulsus,

275 931 306 981 Et
316 929 393 981 matri
403 946 547 998 prereptus
557 946 642 983 amor.

274 1028 333 1095 Ipsa
346 1027 419 1080 moli
430 1027 600 1095 manibusque
609 1026 662 1094 piis
673 1066 681 1091 ‚
697 1027 791 1080 altaria
802 1027 904 1095 juxta,

274 1125 367 1176 Unum
377 1125 467 1176 exsuta
477 1125 571 1191 pedem
579 1123 677 1175 vinclis
691 1162 699 1188 ‚
714 1124 745 1175 in
753 1125 831 1178 veste
842 1125 977 1193 recinsia,

275 1220 394 1273 Testatur
403 1222 530 1272 moritura
538 1220 631 1282 Deos,
645 1219 672 1270 δι
684 1221 791 1274 conscia
802 1223 857 1275 sati

224 1335 274 1382 520
282 1320 370 1371 Sidera
380 1338 387 1370 :
397 1333 470 1380 rum,
483 1317 502 1368 fi
517 1317 589 1385 quod
599 1332 655 1367 non
667 1332 747 1384 aequo
755 1317 865 1372 foedere
876 1336 996 1376 amantes

277 1417 354 1466 Curae
366 1431 464 1467 numen
469 1414 555 1475 habet,
562 1411 709 1480 iustumque
715 1429 897 1485 memorque,
905 1435 1023 1488 precatur.

312 1512 377 1561 Nox
386 1525 442 1562 erut
453 1548 460 1572 ,
471 1510 497 1561 dt
509 1508 639 1576 placidum
648 1509 792 1574 carpebant
801 1511 1007 1584 fesl'asoporen

278 1606 399 1670 Corpora
411 1622 460 1672 per
470 1619 551 1657 terras
564 1645 572 1668 ,
584 1604 720 1673 sylvaeque
734 1604 763 1655 δι
774 1605 852 1659 saeva
865 1611 989 1678 quierant

276 1701 394 1768 AEquora
407 1718 415 1758 ;
427 1701 488 1750 cuim
500 1701 590 1752 medio
602 1701 753 1751 volvuntur
763 1700 855 1756 sidera
867 1708 948 1775 lapsu
958 1729 966 1769 3

225 1818 271 1868 525
286 1795 1021 1871 Cumraceromnisager‚pecudes,pistaequevolucres‚
1093 1803 1096 1849 ζ

278 1900 398 1965 Quaeque
407 1896 477 1948 lacus
488 1890 541 1945 late
550 1892 685 1961 liquidos,
699 1910 816 1964 quaque
829 1900 928 1968 aspera
938 1902 1013 1956 dumis

277 1997 348 2045 Rura
363 2007 468 2054 renent,
486 1992 581 2043 somno
594 1990 685 2058 positae
698 1991 745 2043 sub
761 1993 848 2048 nosie
863 1998 954 2053 filenti

278 2091 406 2142 Lenibanr
417 2106 490 2141 curas
501 2128 508 2151 ‚
520 2090 546 2140 &
557 2089 634 2140 corda
645 2087 726 2138 oblita
735 2089 879 2146 laborum.

277 2188 313 2235 At
325 2203 380 2236 non
391 2186 484 2237 infelix
493 2186 575 2237 animi
585 2183 731 2243 Phoeniffa3
742 2202 837 2255 neque
848 2209 979 2262 umquam

225 2303 235 2351 ς
245 2299 275 2349 30
284 2281 403 2332 Solvitur
412 2281 440 2333 in
450 2282 574 2344 somnos,
588 2280 705 2332 oculisve
715 2297 761 2333 aut
772 2285 892 2349 pesiore
904 2291 1003 2343 nossem

277 2377 401 2444 Accipit:
416 2378 580 2447 ingeminant
592 2394 677 2439 curae,
694 2377 840 2448 rursusque
855 2386 994 2458 resurgens

278 2474 361 2527 Saevir
373 2491 465 2537 amor,
478 2490 628 2542 magnoque
643 2476 739 2526 irarum
752 2473 870 2532 flusiuat
881 2483 956 2538 aestu,

279 2573 321 2624 Sic
331 2574 396 2625 adeo
406 2570 497 2622 infinit
510 2610 517 2632 ‚
534 2572 673 2638 secumque
683 2571 719 2621 ita
730 2574 812 2625 corde
822 2580 952 2635 volutat:

278 2670 392 2737 Enquid
401 2685 450 2738 ago
461 2670 472 2721 ?
484 2667 602 2719 rursusne
614 2684 711 2735 procos
721 2667 797 2720 irrisa
810 2673 923 2738 priores

227 2785 273 2837 535
285 2764 427 2831 Experiar?
437 2766 639 2832 Nomadumque
648 2777 735 2830 petam
748 2771 891 2823 connubia
902 2773 1022 2843 supplet.

280 2862 357 2927 Quos
367 2876 418 2927 ego
430 2860 477 2909 srm
486 2861 566 2913 toties
576 2859 628 2925 jam
639 2860 776 2929 dedignata
787 2865 908 2920 maritos
926 2872 936 2923 ἓ

278 2957 370 3010 iliacas
379 2954 460 3024 igitur
472 2955 559 3008 classes
570 2971 648 3025 atque
657 2955 751 3007 ultima
761 2957 904 3014 Teucrum

253 3044 255 3049 ’
279 3050 349 3110 luffa
360 3054 452 3124 sequar
463 3053 474 3107 l
487 3051 582 3122 quinne
592 3050 693 3106 auxilio
703 3050 780 3120 juvat
791 3054 856 3110 unte
869 3061 999 3126 levatos,
1095 3102 1096 3109 κ
