<?xml version="1.0" encoding="UTF-8"?>
<!DOCTYPE html PUBLIC "-//W3C//DTD XHTML 1.0 Transitional//EN"
    "http://www.w3.org/TR/xhtml1/DTD/xhtml1-transitional.dtd">
<html xmlns="http://www.w3.org/1999/xhtml" xml:lang="en" lang="en">
 <head>
  <title>
</title>
<meta http-equiv="Content-Type" content="text/html;charset=utf-8" />
  <meta name='ocr-system' content='tesseract 3.04.00' />
  <meta name='ocr-capabilities' content='ocr_page ocr_carea ocr_par ocr_line ocrx_word'/>
</head>
<body>
  <div class='ocr_page' id='page_1' title='image "./publiivirgiliim01vegigoog/publiivirgiliim01vegigoog_0131.png"; bbox 0 0 2525 3934; ppageno 0'>
   <div class='ocr_carea' id='block_1_1' title="bbox 389 366 962 458">
    <p class='ocr_par' dir='ltr' id='par_1_1' title="bbox 389 366 962 458">
     <span class='ocr_line' id='line_1_1' title="bbox 389 366 962 458; baseline -0.019 0"><span class='ocrx_word' id='word_1_1' title='bbox 389 366 785 458; x_wconf 76' lang='lat' dir='ltr'><strong>L1nanII.</strong></span> <span class='ocrx_word' id='word_1_2' title='bbox 915 372 962 448; x_wconf 86' lang='lat'><strong>81</strong></span> 
     </span>
    </p>
   </div>
   <div class='ocr_carea' id='block_1_2' title="bbox 217 536 1033 3114">
    <p class='ocr_par' dir='ltr' id='par_1_2' title="bbox 217 536 1029 1953">
     <span class='ocr_line' id='line_1_2' title="bbox 254 536 905 610; baseline -0.008 -16"><span class='ocrx_word' id='word_1_3' title='bbox 254 543 289 594; x_wconf 84' lang='lat' dir='ltr'><strong>Et</strong></span> <span class='ocrx_word' id='word_1_4' title='bbox 299 538 353 609; x_wconf 77' lang='lat' dir='ltr'><strong>jam</strong></span> <span class='ocrx_word' id='word_1_5' title='bbox 363 541 430 596; x_wconf 86' lang='lat' dir='ltr'><strong>olim</strong></span> <span class='ocrx_word' id='word_1_6' title='bbox 442 542 510 596; x_wconf 82' lang='lat' dir='ltr'><strong>seras</strong></span> <span class='ocrx_word' id='word_1_7' title='bbox 519 540 609 610; x_wconf 84' lang='lat' dir='ltr'>posuit</span> <span class='ocrx_word' id='word_1_8' title='bbox 617 539 678 592; x_wconf 85' lang='lat' dir='ltr'><strong>cium</strong></span> <span class='ocrx_word' id='word_1_9' title='bbox 686 537 766 591; x_wconf 82' lang='lat' dir='ltr'><strong>vinea</strong></span> <span class='ocrx_word' id='word_1_10' title='bbox 776 536 905 600; x_wconf 75' lang='lat' dir='ltr'><strong>frondet,</strong></span> 
     </span>
     <span class='ocr_line' id='line_1_3' title="bbox 217 634 860 708; baseline -0.008 -16"><span class='ocrx_word' id='word_1_11' title='bbox 217 638 341 708; x_wconf 69' lang='lat' dir='ltr'><strong>frigidus</strong></span> <span class='ocrx_word' id='word_1_12' title='bbox 351 639 378 691; x_wconf 88' lang='lat'>&amp;</span> <span class='ocrx_word' id='word_1_13' title='bbox 388 639 473 708; x_wconf 79' lang='lat' dir='ltr'><strong>sylvis</strong></span> <span class='ocrx_word' id='word_1_14' title='bbox 482 637 582 707; x_wconf 81' lang='lat' dir='ltr'><strong>Aquilo</strong></span> <span class='ocrx_word' id='word_1_15' title='bbox 592 634 699 689; x_wconf 83' lang='lat' dir='ltr'><strong>decuffit</strong></span> <span class='ocrx_word' id='word_1_16' title='bbox 709 636 860 696; x_wconf 70' lang='lat' dir='ltr'><strong>honorem</strong></span> 
     </span>
     <span class='ocr_line' id='line_1_4' title="bbox 219 731 1021 794; baseline 0 -4"><span class='ocrx_word' id='word_1_17' title='bbox 219 737 234 791; x_wconf 87' lang='lat' dir='ltr'>J</span> <span class='ocrx_word' id='word_1_18' title='bbox 237 752 280 788; x_wconf 82' lang='lat' dir='ltr'><strong>am</strong></span> <span class='ocrx_word' id='word_1_19' title='bbox 292 752 350 789; x_wconf 88' lang='lat' dir='ltr'><strong>tum</strong></span> <span class='ocrx_word' id='word_1_20' title='bbox 359 752 419 789; x_wconf 87' lang='lat' dir='ltr'><strong>acer</strong></span> <span class='ocrx_word' id='word_1_21' title='bbox 429 753 505 788; x_wconf 80' lang='lat' dir='ltr'><strong>curas</strong></span> <span class='ocrx_word' id='word_1_22' title='bbox 515 734 672 787; x_wconf 86' lang='lat' dir='ltr'><strong>venientem</strong></span> <span class='ocrx_word' id='word_1_23' title='bbox 680 733 799 787; x_wconf 84' lang='lat' dir='ltr'><strong>extendit</strong></span> <span class='ocrx_word' id='word_1_24' title='bbox 811 731 842 786; x_wconf 90' lang='lat' dir='ltr'><strong>in</strong></span> <span class='ocrx_word' id='word_1_25' title='bbox 852 746 951 785; x_wconf 83' lang='lat' dir='ltr'><strong>annum</strong></span> <span class='ocrx_word' id='word_1_26' title='bbox 970 741 1021 794; x_wconf 77' lang='lat'><strong>405</strong></span> 
     </span>
     <span class='ocr_line' id='line_1_5' title="bbox 220 828 834 896; baseline -0.008 -10"><span class='ocrx_word' id='word_1_27' title='bbox 220 831 363 896; x_wconf 85' lang='lat' dir='ltr'><strong>Rusticus,</strong></span> <span class='ocrx_word' id='word_1_28' title='bbox 380 834 407 885; x_wconf 68' lang='grc' dir='ltr'>ἃ</span> <span class='ocrx_word' id='word_1_29' title='bbox 419 847 505 884; x_wconf 82' lang='lat' dir='ltr'><strong>curvo</strong></span> <span class='ocrx_word' id='word_1_30' title='bbox 514 829 621 883; x_wconf 81' lang='lat' dir='ltr'>Saturni</span> <span class='ocrx_word' id='word_1_31' title='bbox 631 831 709 882; x_wconf 86' lang='lat' dir='ltr'><strong>dente</strong></span> <span class='ocrx_word' id='word_1_32' title='bbox 717 828 834 882; x_wconf 63' lang='lat' dir='ltr'><strong>reliCiam</strong></span> 
     </span>
     <span class='ocr_line' id='line_1_6' title="bbox 220 924 947 1000; baseline -0.004 -17"><span class='ocrx_word' id='word_1_33' title='bbox 220 928 391 1000; x_wconf 83' lang='lat' dir='ltr'>Persequitur</span> <span class='ocrx_word' id='word_1_34' title='bbox 401 929 488 982; x_wconf 79' lang='lat' dir='ltr'><strong>vitem</strong></span> <span class='ocrx_word' id='word_1_35' title='bbox 499 929 660 991; x_wconf 79' lang='lat' dir='ltr'><strong>attondens,</strong></span> <span class='ocrx_word' id='word_1_36' title='bbox 677 924 808 997; x_wconf 78' lang='lat' dir='ltr'><strong>fingitque</strong></span> <span class='ocrx_word' id='word_1_37' title='bbox 818 927 947 994; x_wconf 84' lang='lat' dir='ltr'><strong>putando.</strong></span> 
     </span>
     <span class='ocr_line' id='line_1_7' title="bbox 221 1023 919 1093; baseline -0.003 -14"><span class='ocrx_word' id='word_1_38' title='bbox 221 1024 327 1079; x_wconf 86' lang='lat' dir='ltr'><strong>Primus</strong></span> <span class='ocrx_word' id='word_1_39' title='bbox 335 1028 447 1080; x_wconf 85' lang='lat' dir='ltr'><strong>humum</strong></span> <span class='ocrx_word' id='word_1_40' title='bbox 455 1026 542 1079; x_wconf 83' lang='lat' dir='ltr'><strong>fodito</strong></span> <span class='ocrx_word' id='word_1_41' title='bbox 553 1063 561 1089; x_wconf 83' lang='lat'>,</span> <span class='ocrx_word' id='word_1_42' title='bbox 570 1024 675 1093; x_wconf 73' lang='lat' dir='ltr'><strong>primus</strong></span> <span class='ocrx_word' id='word_1_43' title='bbox 683 1023 792 1078; x_wconf 66' lang='lat' dir='ltr'><strong>devesta</strong></span> <span class='ocrx_word' id='word_1_44' title='bbox 800 1039 919 1078; x_wconf 84' lang='lat' dir='ltr'><strong>cremato</strong></span> 
     </span>
     <span class='ocr_line' id='line_1_8' title="bbox 223 1120 909 1192; baseline 0.003 -19"><span class='ocrx_word' id='word_1_45' title='bbox 223 1124 381 1187; x_wconf 79' lang='lat' dir='ltr'><strong>Sarmenta,</strong></span> <span class='ocrx_word' id='word_1_46' title='bbox 398 1124 425 1176; x_wconf 73' lang='grc' dir='ltr'><strong>δι</strong></span> <span class='ocrx_word' id='word_1_47' title='bbox 439 1125 526 1177; x_wconf 79' lang='lat' dir='ltr'><strong>vallos</strong></span> <span class='ocrx_word' id='word_1_48' title='bbox 538 1122 641 1192; x_wconf 79' lang='lat' dir='ltr'><strong>primus</strong></span> <span class='ocrx_word' id='word_1_49' title='bbox 654 1122 700 1176; x_wconf 88' lang='lat' dir='ltr'><strong>sub</strong></span> <span class='ocrx_word' id='word_1_50' title='bbox 715 1120 909 1175; x_wconf 69' lang='lat' dir='ltr'><strong>testateferto:</strong></span> 
     </span>
     <span class='ocr_line' id='line_1_9' title="bbox 223 1216 1029 1288; baseline 0 -17"><span class='ocrx_word' id='word_1_51' title='bbox 223 1217 375 1277; x_wconf 81' lang='lat' dir='ltr'><strong>Postremus</strong></span> <span class='ocrx_word' id='word_1_52' title='bbox 386 1219 494 1272; x_wconf 79' lang='lat' dir='ltr'><strong>metito.</strong></span> <span class='ocrx_word' id='word_1_53' title='bbox 504 1219 549 1271; x_wconf 80' lang='lat' dir='ltr'><strong>Bis</strong></span> <span class='ocrx_word' id='word_1_54' title='bbox 557 1218 659 1271; x_wconf 77' lang='lat' dir='ltr'><strong>vitibiu</strong></span> <span class='ocrx_word' id='word_1_55' title='bbox 669 1216 771 1288; x_wconf 78' lang='lat' dir='ltr'><strong>ingruit</strong></span> <span class='ocrx_word' id='word_1_56' title='bbox 781 1218 890 1271; x_wconf 84' lang='lat' dir='ltr'><strong>umbra:</strong></span> <span class='ocrx_word' id='word_1_57' title='bbox 972 1231 1029 1282; x_wconf 84' lang='lat'><strong>410</strong></span> 
     </span>
     <span class='ocr_line' id='line_1_10' title="bbox 223 1313 874 1385; baseline 0.005 -18"><span class='ocrx_word' id='word_1_58' title='bbox 223 1315 270 1367; x_wconf 84' lang='lat' dir='ltr'><strong>Bis</strong></span> <span class='ocrx_word' id='word_1_59' title='bbox 280 1315 396 1385; x_wconf 82' lang='lat' dir='ltr'><strong>segetem</strong></span> <span class='ocrx_word' id='word_1_60' title='bbox 405 1314 490 1368; x_wconf 79' lang='lat' dir='ltr'><strong>dentis</strong></span> <span class='ocrx_word' id='word_1_61' title='bbox 499 1315 635 1368; x_wconf 86' lang='lat' dir='ltr'><strong>obducunt</strong></span> <span class='ocrx_word' id='word_1_62' title='bbox 643 1313 760 1368; x_wconf 81' lang='lat' dir='ltr'><strong>sentibus</strong></span> <span class='ocrx_word' id='word_1_63' title='bbox 768 1313 874 1370; x_wconf 71' lang='lat' dir='ltr'><strong>herim</strong></span> 
     </span>
     <span class='ocr_line' id='line_1_11' title="bbox 224 1409 884 1480; baseline -0.002 -16"><span class='ocrx_word' id='word_1_64' title='bbox 224 1412 317 1464; x_wconf 74' lang='lat' dir='ltr'><strong>Durus</strong></span> <span class='ocrx_word' id='word_1_65' title='bbox 329 1426 441 1480; x_wconf 81' lang='lat' dir='ltr'><strong>uterque</strong></span> <span class='ocrx_word' id='word_1_66' title='bbox 453 1410 538 1463; x_wconf 87' lang='lat' dir='ltr'><strong>labor.</strong></span> <span class='ocrx_word' id='word_1_67' title='bbox 549 1409 667 1462; x_wconf 77' lang='lat' dir='ltr'><strong>Laudato</strong></span> <span class='ocrx_word' id='word_1_68' title='bbox 676 1409 794 1480; x_wconf 85' lang='lat' dir='ltr'><strong>ingentia</strong></span> <span class='ocrx_word' id='word_1_69' title='bbox 805 1426 884 1476; x_wconf 75' lang='lat' dir='ltr'><strong>ruta,</strong></span> 
     </span>
     <span class='ocr_line' id='line_1_12' title="bbox 225 1507 874 1579; baseline 0.003 -19"><span class='ocrx_word' id='word_1_70' title='bbox 225 1508 361 1579; x_wconf 80' lang='lat' dir='ltr'><strong>Exiguum</strong></span> <span class='ocrx_word' id='word_1_71' title='bbox 369 1507 464 1563; x_wconf 85' lang='lat' dir='ltr'><strong>colito.</strong></span> <span class='ocrx_word' id='word_1_72' title='bbox 475 1509 533 1560; x_wconf 82' lang='lat' dir='ltr'><strong>Nec</strong></span> <span class='ocrx_word' id='word_1_73' title='bbox 544 1524 600 1559; x_wconf 88' lang='lat' dir='ltr'><strong>non</strong></span> <span class='ocrx_word' id='word_1_74' title='bbox 613 1507 694 1560; x_wconf 86' lang='lat' dir='ltr'><strong>etiam</strong></span> <span class='ocrx_word' id='word_1_75' title='bbox 706 1508 795 1576; x_wconf 85' lang='lat' dir='ltr'><strong>aspera</strong></span> <span class='ocrx_word' id='word_1_76' title='bbox 806 1507 874 1562; x_wconf 79' lang='lat' dir='ltr'><strong>rusci</strong></span> 
     </span>
     <span class='ocr_line' id='line_1_13' title="bbox 226 1590 882 1674; baseline 0.002 -15"><span class='ocrx_word' id='word_1_77' title='bbox 226 1605 342 1659; x_wconf 85' lang='lat' dir='ltr'><strong>Vimina</strong></span> <span class='ocrx_word' id='word_1_78' title='bbox 350 1621 398 1673; x_wconf 85' lang='lat' dir='ltr'><strong>per</strong></span> <span class='ocrx_word' id='word_1_79' title='bbox 408 1605 527 1674; x_wconf 78' lang='lat' dir='ltr'><strong>sylvam,</strong></span> <span class='ocrx_word' id='word_1_80' title='bbox 538 1590 641 1672; x_wconf 78' lang='lat' dir='ltr'><strong>&amp;ripis</strong></span> <span class='ocrx_word' id='word_1_81' title='bbox 653 1603 770 1659; x_wconf 83' lang='lat' dir='ltr'><strong>fluvialis</strong></span> <span class='ocrx_word' id='word_1_82' title='bbox 780 1608 882 1660; x_wconf 82' lang='lat' dir='ltr'><strong>arundo</strong></span> 
     </span>
     <span class='ocr_line' id='line_1_14' title="bbox 227 1701 1026 1772; baseline -0.001 -16"><span class='ocrx_word' id='word_1_83' title='bbox 227 1701 365 1766; x_wconf 69' lang='lat' dir='ltr'><strong>cadim,</strong></span> <span class='ocrx_word' id='word_1_84' title='bbox 380 1701 526 1772; x_wconf 79' lang='lat' dir='ltr'><strong>incultique</strong></span> <span class='ocrx_word' id='word_1_85' title='bbox 538 1716 645 1756; x_wconf 84' lang='lat' dir='ltr'><strong>exercet</strong></span> <span class='ocrx_word' id='word_1_86' title='bbox 656 1718 717 1755; x_wconf 81' lang='lat' dir='ltr'><strong>cura</strong></span> <span class='ocrx_word' id='word_1_87' title='bbox 727 1701 820 1758; x_wconf 70' lang='lat' dir='ltr'><strong>salitii.</strong></span> <span class='ocrx_word' id='word_1_88' title='bbox 974 1717 1026 1769; x_wconf 78' lang='lat'><strong>⁴¹5</strong></span> 
     </span>
     <span class='ocr_line' id='line_1_15' title="bbox 227 1798 937 1868; baseline -0.004 -12"><span class='ocrx_word' id='word_1_89' title='bbox 227 1801 242 1856; x_wconf 90' lang='lat' dir='ltr'>J</span> <span class='ocrx_word' id='word_1_90' title='bbox 244 1818 287 1854; x_wconf 87' lang='lat' dir='ltr'><strong>am</strong></span> <span class='ocrx_word' id='word_1_91' title='bbox 297 1799 396 1854; x_wconf 62' lang='lat' dir='ltr'><strong>vin&amp;</strong></span> <span class='ocrx_word' id='word_1_92' title='bbox 406 1799 478 1853; x_wconf 82' lang='lat' dir='ltr'><strong>vites</strong></span> <span class='ocrx_word' id='word_1_93' title='bbox 489 1839 497 1863; x_wconf 86' lang='lat'>,</span> <span class='ocrx_word' id='word_1_94' title='bbox 511 1799 565 1865; x_wconf 81' lang='lat' dir='ltr'><strong>jam</strong></span> <span class='ocrx_word' id='word_1_95' title='bbox 575 1801 671 1852; x_wconf 78' lang='lat' dir='ltr'><strong>falcem</strong></span> <span class='ocrx_word' id='word_1_96' title='bbox 679 1798 779 1852; x_wconf 80' lang='lat' dir='ltr'><strong>arbusta</strong></span> <span class='ocrx_word' id='word_1_97' title='bbox 787 1813 937 1868; x_wconf 72' lang='lat' dir='ltr'><strong>reponuntt</strong></span> 
     </span>
     <span class='ocr_line' id='line_1_16' title="bbox 227 1895 841 1953; baseline -0.003 -1"><span class='ocrx_word' id='word_1_98' title='bbox 227 1898 242 1953; x_wconf 90' lang='lat' dir='ltr'>J</span> <span class='ocrx_word' id='word_1_99' title='bbox 244 1915 287 1951; x_wconf 87' lang='lat' dir='ltr'><strong>atn</strong></span> <span class='ocrx_word' id='word_1_100' title='bbox 296 1897 368 1952; x_wconf 85' lang='lat' dir='ltr'><strong>canit</strong></span> <span class='ocrx_word' id='word_1_101' title='bbox 377 1912 514 1951; x_wconf 78' lang='lat' dir='ltr'><strong>extremos</strong></span> <span class='ocrx_word' id='word_1_102' title='bbox 524 1895 632 1950; x_wconf 83' lang='lat' dir='ltr'><strong>effoetus</strong></span> <span class='ocrx_word' id='word_1_103' title='bbox 644 1895 748 1949; x_wconf 86' lang='lat' dir='ltr'><strong>vinitor</strong></span> <span class='ocrx_word' id='word_1_104' title='bbox 757 1909 841 1950; x_wconf 82' lang='lat' dir='ltr'><strong>antes.</strong></span> 
     </span>
    </p>

    <p class='ocr_par' dir='ltr' id='par_1_3' title="bbox 228 1993 934 2156">
     <span class='ocr_line' id='line_1_17' title="bbox 228 1993 934 2062; baseline -0.004 -13"><span class='ocrx_word' id='word_1_105' title='bbox 228 1996 401 2049; x_wconf 84' lang='lat' dir='ltr'><strong>Sollicitanda</strong></span> <span class='ocrx_word' id='word_1_106' title='bbox 411 2009 500 2047; x_wconf 86' lang='lat' dir='ltr'><strong>tamen</strong></span> <span class='ocrx_word' id='word_1_107' title='bbox 508 1995 587 2047; x_wconf 80' lang='lat' dir='ltr'><strong>tellus</strong></span> <span class='ocrx_word' id='word_1_108' title='bbox 596 2032 606 2057; x_wconf 85' lang='lat'>‚</span> <span class='ocrx_word' id='word_1_109' title='bbox 615 1993 756 2062; x_wconf 86' lang='lat' dir='ltr'><strong>pulvisque</strong></span> <span class='ocrx_word' id='word_1_110' title='bbox 765 1995 934 2055; x_wconf 70' lang='lat' dir='ltr'><strong>movendust</strong></span> 
     </span>
     <span class='ocr_line' id='line_1_18' title="bbox 230 2088 807 2156; baseline 0.002 -12"><span class='ocrx_word' id='word_1_111' title='bbox 230 2092 263 2144; x_wconf 87' lang='lat' dir='ltr'><strong>Et</strong></span> <span class='ocrx_word' id='word_1_112' title='bbox 274 2090 329 2155; x_wconf 79' lang='lat' dir='ltr'><strong>jam</strong></span> <span class='ocrx_word' id='word_1_113' title='bbox 338 2090 446 2143; x_wconf 84' lang='lat' dir='ltr'><strong>maturis</strong></span> <span class='ocrx_word' id='word_1_114' title='bbox 456 2091 611 2143; x_wconf 81' lang='lat' dir='ltr'><strong>metuendus</strong></span> <span class='ocrx_word' id='word_1_115' title='bbox 619 2088 724 2156; x_wconf 87' lang='lat' dir='ltr'><strong>Jupiter</strong></span> <span class='ocrx_word' id='word_1_116' title='bbox 734 2089 807 2145; x_wconf 81' lang='lat' dir='ltr'><strong>uvis.</strong></span> 
     </span>
    </p>

    <p class='ocr_par' dir='ltr' id='par_1_4' title="bbox 230 2184 1033 2450">
     <span class='ocr_line' id='line_1_19' title="bbox 271 2184 1033 2257; baseline 0.008 -19"><span class='ocrx_word' id='word_1_117' title='bbox 271 2184 372 2238; x_wconf 77' lang='lat' dir='ltr'><strong>Contra</strong></span> <span class='ocrx_word' id='word_1_118' title='bbox 383 2189 499 2239; x_wconf 86' lang='lat' dir='ltr'><strong>nonulla</strong></span> <span class='ocrx_word' id='word_1_119' title='bbox 508 2184 545 2239; x_wconf 85' lang='lat' dir='ltr'><strong>est</strong></span> <span class='ocrx_word' id='word_1_120' title='bbox 555 2187 610 2240; x_wconf 90' lang='lat' dir='ltr'><strong>olei</strong></span> <span class='ocrx_word' id='word_1_121' title='bbox 619 2187 735 2242; x_wconf 79' lang='lat' dir='ltr'><strong>cultutat</strong></span> <span class='ocrx_word' id='word_1_122' title='bbox 750 2203 835 2257; x_wconf 89' lang='lat' dir='ltr'><strong>neque</strong></span> <span class='ocrx_word' id='word_1_123' title='bbox 844 2187 898 2242; x_wconf 78' lang='lat' dir='ltr'><strong>inae</strong></span> <span class='ocrx_word' id='word_1_124' title='bbox 975 2205 1033 2254; x_wconf 77' lang='lat'><strong>420</strong></span> 
     </span>
     <span class='ocr_line' id='line_1_20' title="bbox 230 2282 964 2354; baseline 0.003 -15"><span class='ocrx_word' id='word_1_125' title='bbox 230 2287 395 2339; x_wconf 84' lang='lat' dir='ltr'><strong>Procurvatn</strong></span> <span class='ocrx_word' id='word_1_126' title='bbox 404 2282 557 2352; x_wconf 66' lang='lat' dir='ltr'><strong>exspectant</strong></span> <span class='ocrx_word' id='word_1_127' title='bbox 567 2283 661 2337; x_wconf 80' lang='lat' dir='ltr'><strong>falcem</strong></span> <span class='ocrx_word' id='word_1_128' title='bbox 671 2322 680 2347; x_wconf 87' lang='lat'>‚</span> <span class='ocrx_word' id='word_1_129' title='bbox 695 2282 840 2354; x_wconf 70' lang='lat' dir='ltr'><strong>rastrosque</strong></span> <span class='ocrx_word' id='word_1_130' title='bbox 850 2300 964 2352; x_wconf 79' lang='lat' dir='ltr'><strong>tenaces,</strong></span> 
     </span>
     <span class='ocr_line' id='line_1_21' title="bbox 232 2372 905 2450; baseline 0.003 -14"><span class='ocrx_word' id='word_1_131' title='bbox 232 2372 300 2436; x_wconf 77' lang='lat' dir='ltr'><strong>Cium</strong></span> <span class='ocrx_word' id='word_1_132' title='bbox 310 2382 391 2434; x_wconf 86' lang='lat' dir='ltr'><strong>semel</strong></span> <span class='ocrx_word' id='word_1_133' title='bbox 401 2381 533 2435; x_wconf 62' lang='lat' dir='ltr'><strong>heserunt</strong></span> <span class='ocrx_word' id='word_1_134' title='bbox 541 2381 612 2434; x_wconf 81' lang='lat' dir='ltr'><strong>arvis</strong></span> <span class='ocrx_word' id='word_1_135' title='bbox 622 2419 632 2444; x_wconf 82' lang='grc'>,</span> <span class='ocrx_word' id='word_1_136' title='bbox 643 2382 768 2450; x_wconf 79' lang='lat' dir='ltr'><strong>aurasque</strong></span> <span class='ocrx_word' id='word_1_137' title='bbox 779 2384 905 2439; x_wconf 76' lang='lat' dir='ltr'><strong>aierunt.</strong></span> 
     </span>
    </p>

    <p class='ocr_par' dir='ltr' id='par_1_5' title="bbox 230 2477 1028 3032">
     <span class='ocr_line' id='line_1_22' title="bbox 230 2477 881 2549; baseline -0.002 -16"><span class='ocrx_word' id='word_1_138' title='bbox 230 2481 288 2549; x_wconf 81' lang='lat' dir='ltr'><strong>Ipsa</strong></span> <span class='ocrx_word' id='word_1_139' title='bbox 300 2479 362 2533; x_wconf 86' lang='lat' dir='ltr'><strong>satis</strong></span> <span class='ocrx_word' id='word_1_140' title='bbox 373 2480 471 2542; x_wconf 79' lang='lat' dir='ltr'><strong>tellus,</strong></span> <span class='ocrx_word' id='word_1_141' title='bbox 484 2477 632 2533; x_wconf 76' lang='lat' dir='ltr'><strong>tundente</strong></span> <span class='ocrx_word' id='word_1_142' title='bbox 645 2478 787 2532; x_wconf 79' lang='lat' dir='ltr'><strong>tedudintt</strong></span> <span class='ocrx_word' id='word_1_143' title='bbox 795 2495 881 2544; x_wconf 85' lang='lat' dir='ltr'><strong>unco,</strong></span> 
     </span>
     <span class='ocr_line' id='line_1_23' title="bbox 230 2574 974 2647; baseline 0.001 -18"><span class='ocrx_word' id='word_1_144' title='bbox 230 2574 332 2629; x_wconf 79' lang='lat' dir='ltr'><strong>Sufficit</strong></span> <span class='ocrx_word' id='word_1_145' title='bbox 341 2576 483 2628; x_wconf 84' lang='lat' dir='ltr'><strong>humorem</strong></span> <span class='ocrx_word' id='word_1_146' title='bbox 493 2613 501 2638; x_wconf 87' lang='lat'>,</span> <span class='ocrx_word' id='word_1_147' title='bbox 513 2576 540 2627; x_wconf 69' lang='grc' dir='ltr'>ἃ</span> <span class='ocrx_word' id='word_1_148' title='bbox 551 2575 671 2645; x_wconf 80' lang='lat' dir='ltr'><strong>gravidas</strong></span> <span class='ocrx_word' id='word_1_149' title='bbox 683 2591 743 2627; x_wconf 86' lang='lat' dir='ltr'><strong>cum</strong></span> <span class='ocrx_word' id='word_1_150' title='bbox 753 2591 865 2628; x_wconf 76' lang='lat' dir='ltr'><strong>vomere</strong></span> <span class='ocrx_word' id='word_1_151' title='bbox 875 2575 974 2647; x_wconf 76' lang='lat' dir='ltr'><strong>fruges.</strong></span> 
     </span>
     <span class='ocr_line' id='line_1_24' title="bbox 231 2670 1028 2746; baseline 0.004 -21"><span class='ocrx_word' id='word_1_152' title='bbox 231 2670 293 2725; x_wconf 75' lang='lat' dir='ltr'><strong>Hoc</strong></span> <span class='ocrx_word' id='word_1_153' title='bbox 303 2671 431 2741; x_wconf 77' lang='lat' dir='ltr'><strong>pinguem</strong></span> <span class='ocrx_word' id='word_1_154' title='bbox 443 2671 603 2738; x_wconf 85' lang='lat' dir='ltr'><strong>&amp;placitam</strong></span> <span class='ocrx_word' id='word_1_155' title='bbox 614 2671 673 2739; x_wconf 86' lang='lat' dir='ltr'><strong>paci</strong></span> <span class='ocrx_word' id='word_1_156' title='bbox 684 2671 800 2725; x_wconf 76' lang='lat' dir='ltr'><strong>nutritor</strong></span> <span class='ocrx_word' id='word_1_157' title='bbox 808 2671 919 2728; x_wconf 81' lang='lat' dir='ltr'><strong>olivam.</strong></span> <span class='ocrx_word' id='word_1_158' title='bbox 975 2693 1028 2746; x_wconf 75' lang='lat'><strong>425</strong></span> 
     </span>
     <span class='ocr_line' id='line_1_25' title="bbox 232 2766 969 2836; baseline 0.005 -17"><span class='ocrx_word' id='word_1_159' title='bbox 232 2767 316 2820; x_wconf 81' lang='lat' dir='ltr'><strong>Poma</strong></span> <span class='ocrx_word' id='word_1_160' title='bbox 325 2783 448 2836; x_wconf 82' lang='lat' dir='ltr'><strong>quoque,</strong></span> <span class='ocrx_word' id='word_1_161' title='bbox 458 2778 489 2818; x_wconf 88' lang='lat' dir='ltr'><strong>ut</strong></span> <span class='ocrx_word' id='word_1_162' title='bbox 497 2766 612 2834; x_wconf 76' lang='lat' dir='ltr'><strong>primum</strong></span> <span class='ocrx_word' id='word_1_163' title='bbox 618 2781 726 2820; x_wconf 83' lang='lat' dir='ltr'><strong>truncos</strong></span> <span class='ocrx_word' id='word_1_164' title='bbox 733 2767 969 2833; x_wconf 81' lang='lat' dir='ltr'><strong>senserevalentes,</strong></span> 
     </span>
     <span class='ocr_line' id='line_1_26' title="bbox 233 2863 806 2933; baseline 0 -16"><span class='ocrx_word' id='word_1_165' title='bbox 233 2865 267 2917; x_wconf 85' lang='lat' dir='ltr'><strong>Et</strong></span> <span class='ocrx_word' id='word_1_166' title='bbox 277 2865 350 2919; x_wconf 83' lang='lat' dir='ltr'><strong>vires</strong></span> <span class='ocrx_word' id='word_1_167' title='bbox 359 2865 473 2918; x_wconf 82' lang='lat' dir='ltr'><strong>habuere</strong></span> <span class='ocrx_word' id='word_1_168' title='bbox 484 2863 559 2926; x_wconf 76' lang='lat' dir='ltr'><strong>suat,</strong></span> <span class='ocrx_word' id='word_1_169' title='bbox 575 2865 607 2916; x_wconf 85' lang='lat' dir='ltr'><strong>ad</strong></span> <span class='ocrx_word' id='word_1_170' title='bbox 617 2863 698 2916; x_wconf 82' lang='lat' dir='ltr'><strong>fidera</strong></span> <span class='ocrx_word' id='word_1_171' title='bbox 709 2864 806 2933; x_wconf 84' lang='lat' dir='ltr'><strong>raptim</strong></span> 
     </span>
     <span class='ocr_line' id='line_1_27' title="bbox 233 2958 959 3032; baseline 0.003 -16"><span class='ocrx_word' id='word_1_172' title='bbox 233 2961 264 3025; x_wconf 64' lang='lat' dir='ltr'><em>N</em></span> <span class='ocrx_word' id='word_1_173' title='bbox 264 2960 275 3016; x_wconf 91' lang='lat' dir='ltr'><strong>i</strong></span> <span class='ocrx_word' id='word_1_174' title='bbox 285 2960 395 3032; x_wconf 78' lang='lat' dir='ltr'><strong>proptia</strong></span> <span class='ocrx_word' id='word_1_175' title='bbox 406 2959 545 3026; x_wconf 78' lang='lat' dir='ltr'><strong>nituntuu,</strong></span> <span class='ocrx_word' id='word_1_176' title='bbox 557 2958 668 3032; x_wconf 79' lang='lat' dir='ltr'><strong>opisque</strong></span> <span class='ocrx_word' id='word_1_177' title='bbox 676 2961 745 3017; x_wconf 79' lang='lat' dir='ltr'><strong>haud</strong></span> <span class='ocrx_word' id='word_1_178' title='bbox 755 2961 843 3030; x_wconf 73' lang='lat' dir='ltr'><strong>indiga</strong></span> <span class='ocrx_word' id='word_1_179' title='bbox 854 2961 959 3022; x_wconf 71' lang='lat' dir='ltr'><strong>nostrae,</strong></span> 
     </span>
    </p>

    <p class='ocr_par' dir='ltr' id='par_1_6' title="bbox 802 3058 868 3114">
     <span class='ocr_line' id='line_1_28' title="bbox 802 3058 868 3114; baseline 0.061 -4"><span class='ocrx_word' id='word_1_180' title='bbox 802 3058 831 3110; x_wconf 86' lang='lat' dir='ltr'>D</span> <span class='ocrx_word' id='word_1_181' title='bbox 847 3075 868 3114; x_wconf 70' lang='lat' dir='ltr'><strong>t</strong></span> 
     </span>
    </p>
   </div>
   <div class='ocr_carea' id='block_1_3' title="bbox 0 0 1297 3934">
    <p class='ocr_par' dir='ltr' id='par_1_7' title="bbox 0 0 1297 3934">
     <span class='ocr_line' id='line_1_29' title="bbox 0 0 1297 3934; baseline 0 0"><span class='ocrx_word' id='word_1_182' title='bbox 0 0 1297 3934; x_wconf 95' lang='lat' dir='ltr'><strong> </strong></span> 
     </span>
    </p>
   </div>
  </div>
 </body>
</html>
