2525 3934
313 416 368 495 60
457 408 874 498 Gconcrcou

255 581 306 635 390
314 577 370 629 Nec
378 577 506 632 noilurna
515 581 620 650 quidem
630 597 766 650 carpentes
775 583 853 650 pensa
862 581 962 650 puellae
1042 571 1053 579 '¹

309 674 451 728 Nescivere
463 677 588 746 hyemem
599 717 606 740 ,
619 677 682 730 testd
696 679 755 730 curn
768 681 873 731 ardente
888 677 1015 729 viderent
1030 680 1036 690 '
1049 708 1051 713 ·

308 769 456 823 scintillare
469 775 560 825 oleum
574 813 582 838 ‚
598 775 625 826 δι
637 790 726 842 putres
738 776 905 827 concrescere
913 775 1027 843 fungos.

344 867 401 918 Nec
410 869 497 920 minsis
506 886 541 921 ex
553 870 631 923 imbri
643 872 714 923 soles
726 910 733 934 ‚
751 872 777 923 δι
787 885 877 939 aperta
888 871 980 923 setena

312 962 485 1031 Prospicere‚
502 967 529 1018 δι
544 969 623 1022 certis
638 969 740 1036 poteris
756 968 916 1038 cognoscere
931 967 1025 1036 signis.

252 1064 302 1119 395
310 1060 380 1112 Nam
392 1077 477 1130 neque
492 1078 549 1114 nrm
563 1063 643 1117 stellis
659 1065 727 1117 acies
744 1066 837 1117 obtusa
848 1064 955 1116 videtur
964 1103 977 1127 ,,
1046 1091 1050 1101 ·

306 1158 363 1209 Nec
372 1158 458 1210 fratris
467 1160 546 1211 radiis
558 1161 677 1213 obnoxia
688 1161 795 1230 surgere
802 1161 875 1211 Luna
886 1178 894 1219 3

306 1252 409 1306 Tenuia
420 1271 469 1306 nec
477 1257 544 1307 lanae
554 1272 602 1324 per
610 1257 709 1308 coelum
720 1258 820 1308 vellera
830 1254 902 1307 ferri.
963 1265 971 1279 ·

305 1351 370 1402 Non
380 1351 498 1419 tepidum
507 1353 539 1404 ad
550 1353 643 1404 Solem
651 1366 750 1420 pennas
763 1351 793 1402 iu
800 1350 891 1402 littore
904 1351 1028 1418 pandunt

305 1447 418 1499 Dilecta
429 1448 535 1500 Thetidi
544 1449 679 1517 Alcyones
690 1466 698 1506 3
714 1464 771 1499 non
779 1463 826 1498 ore
835 1447 938 1498 solutos

248 1544 436 1601 4oolmtnundi
451 1544 596 1597 meminere
611 1544 670 1596 sues
686 1543 779 1609 iadare
796 1543 947 1610 maniplos:

302 1640 339 1692 At
348 1642 449 1693 nebulae
459 1642 542 1711 tnagis
553 1642 606 1694 ima
611 1656 706 1710 petunt
714 1656 875 1708 ‚campoque
882 1642 1048 1694 recumbuntc'

254 1736 256 1773 :
295 1735 374 1790 [Solis
385 1738 412 1789 δι
423 1739 544 1790 occasum
553 1739 660 1791 servans
671 1778 678 1802 ,
692 1741 725 1792 de
732 1739 848 1790 culm-ine
859 1738 970 1790 summo-
1034 1750 1037 1757 ·

301 1834 484 1903 Nequicquom
495 1835 570 1902 seros
583 1849 691 1886 exercet
705 1833 801 1886 noslua
817 1849 923 1887 cantus.

306 1932 423 2000 Apparet
436 1932 542 2002 liquido
556 1931 674 1984 sublimis
690 1932 719 1983 in
734 1931 794 1982 aire
809 1931 908 1993 Nisus,

241 2040 294 2092 405
305 2028 337 2078 Et
349 2046 398 2096 pro
407 2031 541 2098 purpureo
550 2046 644 2097 poenas
654 2031 697 2080 dat
707 2030 797 2097 Scylla¹
804 2028 912 2095 capillo.

300 2125 473 2194 Quicumque
483 2127 527 2178 illa
536 2129 625 2178 levem
635 2125 738 2194 fugiens
751 2125 819 2176 secat
828 2125 924 2176 aethera
934 2124 1047 2192 pennis,

244 2227 254 2262 (ἶ
298 2221 366 2273 Ecce
376 2221 499 2274 inimicus
511 2235 589 2271 atrox
598 2236 698 2287 magno
705 2219 813 2270 stridore
823 2235 870 2286 per
880 2237 954 2273 auras

298 2318 448 2387 Insequitur
455 2313 554 2367 Nisus:
568 2314 619 2383 qual
628 2314 655 2365 se
666 2314 717 2365 fert
729 2314 808 2366 Nisus
820 2316 852 2366 ad
867 2333 961 2380 auras,
1060 2355 1062 2358 -

301 2415 351 2467 llla
364 2415 453 2465 levem
468 2411 572 2480 fugiens
587 2411 684 2478 raptim
699 2411 768 2462 secat
783 2413 879 2465 aethera
894 2414 1003 2480 pennis.

241 2527 296 2573 410
333 2511 405 2561 Tum
413 2506 527 2576 liquidas
536 2504 613 2557 corvi
623 2504 711 2573 preffo
720 2520 760 2557 ter
769 2521 873 2577 gutture
884 2527 969 2562 voces
1011 2530 1013 2533 ·

297 2609 351 2658 Aut
362 2619 455 2674 quater
465 2602 628 2672 ingeminant
639 2618 647 2659 3
664 2602 690 2653 &
705 2602 773 2670 saepe
784 2603 913 2657 cubilibus
924 2606 1003 2672 altis,

251 2746 253 2750 .
295 2703 393 2757 Nescio
404 2699 456 2769 qud
467 2714 562 2768 praeter
570 2698 679 2749 solitum
688 2699 824 2751 dulcedine
835 2702 890 2752 laeti
903 2741 910 2764 ,

295 2802 368 2855 Inter
376 2799 403 2850 se
411 2798 484 2851 foliis
496 2795 649 2864 strepitant:
662 2794 751 2860 juvat,
764 2794 889 2848 imbribus
899 2797 985 2863 aslis,

294 2893 452 2965 Progeniem
465 2909 574 2961 parvam
587 2892 726 2959 dulcesque
738 2891 852 2944 revisere
866 2894 954 2949 nidos.
1009 2965 1011 2969 v

239 3013 290 3066 415
332 2993 409 3048 Haud
420 2989 542 3059 equidem
554 2990 632 3041 credo
643 2987 704 3056 quia
715 2987 746 3038 sit
755 2972 883 3041 divinitus
896 2990 954 3043 illis

290 3088 450 3162 Ingenium,
465 3100 510 3146 aut
524 3102 613 3142 terum
627 3086 683 3142 sato
691 3083 835 3156 prudentia
849 3083 948 3153 maior.
1027 3124 1034 3136 ..
