2525 3934
311 284 393 364 216
483 274 829 363 AEuarnot

306 446 360 498 Ter
369 445 471 514 scopuli
480 448 623 499 clamorem
633 445 703 498 inter
713 460 779 499 cava
788 447 851 498 saxa
864 444 977 506 dederet

305 542 359 593 Ter
368 541 487 610 spumam
497 542 588 596 elisam
597 543 624 595 dt
633 541 751 595 rotantia
759 542 882 597 vidimus
892 543 964 598 astra.

341 640 446 692 Interea
455 638 533 692 sessos
545 652 643 692 vennas
656 654 717 691 cum
728 637 785 692 sole
794 638 921 709 reliquit:

304 735 444 805 ignarique
459 736 534 801 viae,
555 738 708 806 Cyclopum
724 734 869 788 allabimur
883 736 947 791 oris.

254 832 406 897 570Portus
416 835 447 886 ab
457 832 556 887 accessu
564 848 710 886 ventorum
720 832 854 886 immotus
866 874 874 899 ‚
887 835 913 887 bt
923 833 1009 904 ingens

304 930 362 999 Ipse
373 949 382 990 ·,
394 930 438 983 sed
445 930 579 983 horrificis
590 929 665 996 juxta
674 944 751 982 tonat
759 928 845 983 AEtna
856 930 952 990 minist
1018 946 1023 951 ·

304 1027 490 1097 Interdumque
501 1040 583 1080 atram
595 1027 748 1096 prorumpit
759 1029 792 1079 ad
804 1028 904 1080 aethera
914 1028 1017 1090 nubem,

303 1124 421 1176 Turbine
432 1125 577 1178 fumantem
588 1124 667 1192 piceo
680 1122 707 1174 δι
716 1123 848 1176 candente
857 1122 966 1185 sardii,

303 1222 463 1292 Attolli'tque
476 1222 570 1292 globos
581 1220 748 1272 flammarum
762 1260 770 1282 ‚
789 1220 818 1272 δι
835 1220 915 1272 sidera
924 1218 1019 1272 lambit:

250 1331 298 1385 575
308 1321 443 1372 Interdum
454 1320 578 1388 scopulos
591 1317 734 1385 avulsaque
745 1304 851 1370 viscera
861 1317 963 1391 montis

302 1415 387 1486 Erigit
402 1416 520 1470 emnam
533 1455 541 1479 ,
556 1412 749 1482 liquefactaque
764 1411 829 1464 saxa
843 1412 892 1465 sub
907 1430 980 1465 auras

303 1513 372 1565 Cum
382 1513 483 1582 gemitu
494 1514 641 1582 glomerat,
653 1509 789 1577 fundoque
801 1509 932 1563 exaestuat
943 1510 1002 1563 ino.

301 1609 379 1660 Fama
390 1607 427 1659 esi
435 1608 559 1659 Enceladi
570 1604 721 1659 semiustum
729 1594 845 1660 fulmine
854 1623 954 1676 corpus

300 1703 398 1774 Urgeri
409 1705 482 1756 mole
493 1703 542 1755 hac
553 1741 560 1766 ‚
573 1702 762 1771 ingentemque
771 1702 885 1772 insuper
890 1702 999 1757 'AErnam

248 1800 475 1874 5801mpofitam‚
491 1799 576 1868 ruptis
592 1798 727 1852 flammam
742 1798 880 1868 exspirare
896 1800 1014 1857 caminist

300 1901 333 1952 Er
343 1898 436 1953 sellum
447 1898 553 1970 quoties
564 1912 649 1951 mutat
659 1900 727 1951 latus
739 1937 746 1962 ,
764 1897 913 1953 intremere
925 1912 1022 1952 omnem

299 1996 438 2049 Murmure
450 1994 613 2049 Trinacriam
623 2035 631 2059 ,
650 1996 676 2047 δι
685 1996 785 2048 coelum
795 1995 939 2048 subtexere
949 1997 1021 2049 sumo.

335 2091 450 2142 Nollem
460 2093 532 2144 illam
544 2091 606 2144 testi
616 2092 700 2161 sylvis
712 2092 839 2145 immania
849 2093 971 2145 monstra

298 2186 456 2240 Perserimus
470 2207 477 2240 ε
493 2204 542 2239 nec
558 2204 615 2255 quae
627 2188 745 2239 sonitum
755 2189 799 2240 det
809 2189 888 2242 causa
900 2191 1021 2243 videmus.

244 2294 291 2361 585
303 2286 371 2336 Nam
378 2301 464 2353 neque
474 2297 548 2336 erant
557 2281 684 2334 astrorum
694 2282 785 2351 ignes,
796 2300 846 2336 nec
856 2285 964 2339 lucidus
971 2280 1031 2339 edd

297 2381 403 2434 Siderei
415 2384 493 2448 polus
504 2400 513 2440 ·‚
526 2380 637 2432 obscuro
648 2379 692 2432 sed
700 2379 789 2431 nubila
799 2381 893 2445 coelo,

295 2480 329 2531 Et
338 2479 439 2531 Lunam
451 2478 479 2529 in
491 2476 582 2530 nimbo
595 2494 652 2530 nox
664 2476 819 2545 intempesta
831 2481 953 2534 tenebat.

295 2576 400 2630 Postera
408 2575 514 2645 jamque
524 2575 579 2627 dies
590 2575 679 2644 primo
689 2574 809 2645 surgebat
817 2574 881 2629 Eoo
892 2617 901 2641 ‚

295 2674 510 2743 Humentemque
522 2675 625 2726 Aurora
634 2676 700 2742 polo
713 2673 867 2727 dimoverat
879 2676 1012 2735 umbram,

243 2793 295 2847 590
303 2769 370 2822 Ctlm
382 2769 467 2822 subito
479 2787 494 2822 e
505 2771 609 2840 sylvis,
620 2771 704 2824 macie
715 2770 836 2824 conseila
848 2772 973 2842 supremi

295 2864 384 2936 ignoti
394 2883 467 2918 nova
475 2866 561 2918 forma
569 2867 623 2920 viri
634 2907 641 2931 ‚
653 2868 852 2937 miserandaque
863 2873 938 2924 cultu

253 2956 255 2961 ’
296 2963 438 3032 Procedit,
455 2965 618 3038 supplexque
632 2982 725 3020 manus
738 2967 770 3021 ad
784 2966 881 3021 littora
893 2967 987 3022 tendit.

856 3064 1028 3135 Respicimus:
