2525 3934
440 933 700 1032 VITA,

253 1097 554 1170 'AUCTORE
590 1098 881 1172 weszern.

212 1217 314 1330 pun.
324 1266 510 1330 Vinnnms
521 1267 630 1330 Mino
644 1268 811 1349 parentibus
822 1266 958 1335 modicis.

212 1371 272 1447 'uit,
285 1371 318 1433 δι
330 1373 474 1455 precipue
481 1389 565 1455 patre
574 1373 718 1446 Marone,
728 1393 818 1455 quem
829 1374 947 1456 qnidam

212 1475 341 1559 ›pificem
356 1475 498 1560 figulum,
512 1478 609 1559 plures
625 1477 718 1560 Magii
728 1476 874 1557 eujusdam
883 1480 948 1541 via·

212 1585 277 1643 :oris
293 1582 379 1642 initio
396 1584 607 1644 mercenarium
621 1627 632 1656 ,
645 1603 717 1644 mox
729 1583 771 1644 ob
783 1580 949 1643 industriam

212 1704 345 1768 generum
354 1684 549 1759 tradiderunt3
564 1705 653 1770 quem
662 1685 729 1746 sinn
738 1684 950 1769 agricolationi,

212 1793 304 1872 eique
324 1787 435 1850 rusticae
452 1790 485 1851 δι
503 1790 639 1872 gregibus
659 1787 826 1871 praefeciiiet
840 1789 950 1863 socer,

212 1895 292 1976 'ylvis
310 1892 480 1953 coemundis
498 1893 532 1952 δι
552 1892 655 1974 apibus
675 1892 807 1955 curandis
822 1892 949 1955 reculam

212 2000 290 2058 suxit.
301 1996 394 2059 Natus
406 1996 447 2059 est
457 1996 516 2058 Cn.
526 1997 670 2080 Pompeio
681 1998 793 2082 Magno
807 1999 841 2060 &
851 1998 897 2061 Μ.
905 1998 954 2059 Li·

212 2104 281 2164 :inio
301 2099 405 2164 Crass'o
422 2103 549 2184 priminn
566 2100 634 2163 coff.
652 2100 756 2165 Iduum
775 2100 952 2166 Odiobrium

212 2207 257 2267 die
269 2207 319 2279 ,in
328 2227 406 2288 pago
415 2210 464 2288 qui
477 2206 580 2269 Andes
592 2208 717 2282 dieitur,
731 2209 781 2290 qui
791 2206 857 2270 esta
866 2206 955 2267 Man-

212 2327 259 2372 tua
272 2330 335 2370 non
348 2311 459 2390 procul.
479 2310 632 2392 Praegnans
646 2330 684 2373 eo
696 2326 790 2374 mater
799 2310 953 2373 somniavit

212 2415 312 2488 Maia,
325 2416 439 2476 enixam
451 2413 480 2476 se
496 2414 626 2474 laureum
637 2434 770 2489 ramum,
785 2432 873 2495 quent
884 2435 957 2476 con·

212 2520 286 2581 radii
296 2520 373 2580 terri
383 2517 534 2581 confestim
546 2536 679 2580 cerneret
688 2517 842 2593 coaluisse,
858 2517 891 2581 δι
902 2539 958 2581 ex-

212 2622 329 2686 creviffe
347 2622 426 2685 illicd
444 2622 612 2705 inspeciem
629 2640 745 2684 maturae
763 2622 892 2699 arboris,
905 2645 956 2686 re-

212 2727 293 2789 ferte
300 2727 388 2788 variis
397 2726 495 2808 pomis
507 2727 540 2788 δι
550 2725 672 2787 floribus
684 2746 693 2799 ;
704 2748 737 2786 ac
748 2726 878 2808 sequenti
891 2729 957 2791 luce

214 2852 280 2893 tum
292 2830 396 2892 merito
406 2850 453 2891 rus
466 2833 663 2912 propinquum
672 2847 775 2912 petens
786 2875 796 2905 ,
808 2850 844 2914 ex
856 2835 959 2895 itinere

217 2934 334 2998 divertit
344 2950 447 3015 ,atque
456 2937 486 2996 in
495 2932 621 3018 subjeih
629 2932 701 2996 fossa
711 2951 795 3018 partu
805 2936 900 2998 levata
908 2935 960 3004 est.

217 3038 326 3103 Ferunt
333 3036 535 3120 inflaremur
543 3040 598 3107 fuit
606 3039 701 3106 editus
708 3086 719 3120 ,
731 3061 787 3105 nec
797 3039 920 3125 vagisse,
928 3040 962 3102 &

299 3146 399 3205 Tomus
420 3145 446 3210 1.
832 3165 851 3206 a
